4996 6952
477 769 676 862 Singularis
702 780 847 842 naturae
873 781 1014 843 stratum
1041 783 1095 845 est
1120 773 1438 864 intergranulosum
1463 775 1500 842 in
1515 771 1622 845 fundo
1650 774 1744 844 oculi
1769 774 1921 865 humani,
1943 779 2036 847 circa
2050 778 2217 849 maculam

321 918 449 989 luteam
475 929 509 990 et
543 921 578 989 in
610 939 651 987 ea
687 921 774 1012 ipsa.
823 916 875 988 lbi
913 929 1061 1013 excepta
1085 919 1190 993 lovea
1218 920 1385 1010 centrali,
1424 924 1461 990 in
1486 942 1553 1013 qua
1584 921 1661 994 fere
1687 922 1806 1012 deest,
1832 925 1982 1014 insignis
2006 935 2059 996 est
2083 928 2218 999 erassi-

319 1066 448 1138 tudinis
474 1068 735 1159 compositaque
748 1064 889 1138 videtur
905 1089 925 1138 e
943 1065 1036 1139 libris
1064 1066 1257 1140 radialibus
1283 1069 1389 1141 facile
1411 1069 1667 1162 disiungendis,
1690 1093 1791 1164 quae,
1812 1074 1848 1141 in
1872 1077 2086 1168 praeparatis
2103 1080 2218 1170 potis-

321 1218 439 1289 simum
466 1236 538 1286 non
565 1214 746 1286 admodum
772 1214 917 1306 duratis,
943 1218 1094 1289 invicem
1121 1221 1217 1288 tenui
1243 1227 1432 1312 systemate
1458 1219 1664 1310 reticuloso,
1690 1220 2060 1313 quodBlessigius
2087 1228 2217 1319 primus

319 1368 506 1459 descripsit
519 1364 564 1454 ¹),
593 1367 868 1436 anastomisant:
905 1365 940 1436 id
961 1364 1060 1458 ¹quod
1096 1364 1176 1436 aliis
1213 1363 1483 1438 observantibus
1522 1366 1713 1439 substantia
1742 1371 1895 1439 tenuiter
1920 1370 2111 1459 granulosa
2139 1392 2218 1443 esse

321 1514 518 1605 videbatur,
533 1536 572 1585 re
599 1523 811 1585 autemvera
831 1534 901 1584 non
929 1511 1103 1584 diversum
1130 1523 1185 1585 est
1209 1535 1229 1582 a
1256 1521 1443 1606 systemate
1469 1511 1561 1584 telae
1593 1514 1839 1586 coniunctivae
1861 1525 2055 1587 ceteromm
2081 1523 2217 1592 retinae

319 1676 517 1739 stratorum.
569 1663 691 1757 ltaque
729 1659 866 1733 dubium
902 1680 980 1731 esse
1018 1680 1088 1730 non
1116 1669 1245 1755 potest,
1272 1662 1355 1752 quin
1382 1658 1489 1731 fibrae
1511 1659 1677 1750 radiales,
1704 1661 1747 1732 de
1774 1660 1896 1755 quibus
1922 1662 2085 1755 diximus,
2117 1671 2217 1741 strati

321 1794 599 1908 intergranulosi
632 1811 675 1883 ad
701 1810 804 1884 telam
830 1811 1089 1880 coniunctivam
1115 1811 1324 1902 pertineam,
1351 1810 1440 1879 sicut
1466 1807 1729 1900 Blessigius
1753 1812 1821 1880 iam
1848 1811 2014 1885 defendit.

470 1964 580 2050 Quem
594 1964 724 2056 primus
738 1958 958 2054 descripsitB
968 1978 1206 2048 ergmunna
1216 1981 1232 2031 s
1242 1951 1269 2054 2)
1285 1961 1385 2032 situm
1399 1958 1587 2051 obliquum,
1597 1958 1776 2032 nonnullis
1790 1961 1878 2034 locis
1891 1961 1950 2032 vel
1964 1961 2218 2037 horizontalem

319 2114 480 2186 librarum
507 2113 607 2184 strati
634 2106 910 2201 intergranulosi
940 2111 1069 2178 circum
1095 2106 1235 2180 loveam
1250 2106 1438 2178 centralem
1462 2110 1597 2179 retinae
1614 2106 1764 2179 bominis
1787 2120 1909 2203 aperte
1935 2132 2003 2201 ego
2026 2111 2216 2187 observavi

319 2274 353 2336 et
380 2272 592 2334 constantem
619 2281 699 2334 esse
726 2259 889 2350 arbitror.
933 2254 1061 2327 Fibrae
1085 2256 1247 2349 obliquae
1273 2277 1352 2325 num
1378 2276 1525 2326 revera
1551 2277 1571 2325 a
1595 2258 1693 2327 conis
1720 2255 1858 2349 abeant,
1886 2278 1975 2350 quae
2001 2271 2054 2332 est
2078 2261 2216 2355 Berg-

318 2414 456 2482 manni
486 2412 674 2500 sententia,
689 2432 769 2480 num
797 2428 903 2502 porro
931 2409 1002 2478 sint
1020 2426 1140 2478 omnes
1159 2414 1304 2476 naturae
1329 2424 1505 2475 nervosae
1516 2401 1621 2474 valde
1644 2403 1788 2477 diflicile
1813 2416 1866 2479 est
1890 2407 1933 2476 ad
1949 2407 2216 2484 diiudicandum.

465 2558 645 2650 Singulari
672 2558 824 2653 denique
851 2556 1100 2628 observatione
1127 2553 1233 2643 digna
1261 2562 1314 2624 est
1341 2554 1513 2646 quaestio,
1538 2574 1628 2646 quae
1655 2555 1699 2625 sit
1724 2556 1813 2625 ratio
1848 2552 2011 2626 fibrarum
2037 2556 2213 2631 Mueller-

319 2715 473 2782 ianarum
501 2711 537 2780 in
564 2717 674 2803 struto
701 2706 893 2798 granuloso
921 2714 1093 2795 externo,
1124 2704 1160 2773 in
1187 2723 1255 2795 quo
1282 2703 1560 2772 terminationem
1584 2701 1804 2773 membranae
1830 2702 1990 2776 limitanti
2021 2709 2216 2801 oppositam

318 2859 457 2931 babent.
510 2858 807 2931 Koellikerus
843 2875 903 2925 eas
938 2855 1212 2928 communionem
1247 2873 1323 2923 cum
1353 2848 1513 2923 tenuibus
1539 2849 1634 2940 ldis,
1672 2872 1691 2918 a
1730 2850 1869 2924 cellulis
1903 2857 2001 2926 strati
2029 2856 2213 2946 granulosi

318 3008 458 3079 externi
499 3005 799 3102 proficiscentibus
836 3046 880 3057 -
922 3005 1093 3077 indirecte
1132 3025 1265 3097 ergoa
1299 3002 1438 3074 bacillis
1465 3013 1499 3074 et
1537 3002 1635 3073 conis
1661 3040 1706 3052 -
1741 3000 1871 3072 babere
1899 3003 2039 3074 iudicat.
2081 3005 2212 3077 Henr.

317 3154 574 3226 Muellerus
607 3156 673 3225 etsi
697 3154 785 3225 nihil
811 3156 898 3227 certi
927 3132 970 3224 de
1007 3153 1073 3225 bac
1108 3153 1418 3223 communicatione
1446 3150 1653 3223 confirmare
1688 3161 1845 3246 poterat,
1881 3153 2063 3225 admodum
2102 3166 2215 3227 tamen

316 3304 507 3375 verisimile
534 3304 635 3374 talem
670 3325 750 3376 esse
774 3304 1048 3376 constituendam
1082 3324 1151 3375 non
1187 3293 1416 3389 dillitetur⁸).
1470 3300 1567 3388 Quae
1593 3323 1661 3392 ego
1690 3300 1755 3372 bac
1781 3301 1824 3372 de
1850 3323 1889 3373 re
1915 3303 2101 3396 exploravi
2129 3303 2217 3375 haec

317 3463 419 3524 sunt:
447 3462 639 3528 transitum
662 3454 836 3551 fibrarum
855 3456 1176 3529 Muelleriouoratm
1200 3457 1236 3523 in
1262 3474 1456 3547 processus
1483 3451 1694 3521 cellularum
1715 3456 1825 3523 struts‘
1844 3455 2032 3543 precautes-i
2058 3456 2224 3541 esteroi,

316 3610 486 3694 questum
516 3604 655 3697 quidem
684 3606 733 3675 cd
758 3603 890 3676 bacilla
922 3608 1145 3700 pertineant,
1173 3624 1245 3672 saon
1268 3605 1360 3697 fieri.
1415 3598 1540 3671 Fibrae
1565 3597 1833 3689 Muellerisnae,
1857 3598 1900 3669 ad
1919 3601 2077 3697 penicilli
2102 3638 2153 3651 -
2179 3611 2216 3673 ut

316 3746 630 3823 Koellikerus
657 3762 690 3824 et
705 3752 748 3824 ll.
777 3751 1029 3824 Muellerus
1056 3751 1232 3823 delineant
1254 3791 1298 3804 —
1328 3750 1585 3821 similitudinem
1603 3749 1739 3821 divisae
1765 3752 1800 3819 in
1827 3749 1930 3822 telam
1956 3753 2212 3823 coniunctivam

315 3904 509 3986 transeunt,
538 3919 627 3990 quae
654 3898 800 3969 cellulas
827 3902 925 3970 strati
946 3899 1127 3989 granulosi
1156 3903 1293 3970 externi
1309 3909 1477 3993 tamquam
1504 3910 1580 3971 rete
1599 3898 1765 3993 implicat,
1791 3920 1935 3993 prorsus
1960 3899 2212 3990 eodemmodo,

316 4063 383 4133 quo
411 4041 519 4115 luisse
541 4047 576 4114 in
603 4055 711 4147 strato
739 4046 932 4137 granuloso
963 4049 1101 4117 interno
1135 4068 1238 4140 supra
1275 4049 1506 4137 cognovimus
1541 4045 1602 4138 (cf.
1627 4046 1685 4138 lig.
1711 4040 1762 4141 4).
1813 4045 1939 4117 Fibrae
1975 4046 2075 4118 buius
2107 4056 2210 4141 spte-

311 4195 411 4263 matis
443 4192 624 4264 reticulosi
664 4191 811 4265 cellulas
851 4197 950 4266 strati
988 4193 1171 4284 granulosi
1211 4199 1350 4266 externi
1387 4205 1452 4265 tam
1492 4204 1588 4265 arcte
1619 4196 1820 4283 continent,
1856 4202 1893 4264 ut
1924 4197 1959 4263 in
1998 4193 2210 4266 divellendis

312 4339 444 4414 duratis
462 4345 584 4413 retinis
608 4342 769 4435 singulae
798 4341 1174 4415 libraollluellerianae
1202 4368 1221 4416 e
1249 4366 1412 4415 connexu
1440 4346 1574 4436 possint
1599 4340 1866 4438 ellindi,quibus
1884 4345 1988 4415 crista
2006 4344 2211 4415 cellularum

313 4493 411 4560 strati
440 4491 621 4580 granulosi
653 4496 789 4564 externi
819 4515 893 4563 cum
920 4492 1058 4565 bacillis
1086 4503 1120 4565 et
1155 4497 1253 4565 conis
1280 4493 1457 4564 adhaeret.
1504 4490 1575 4564 Res
1608 4491 1670 4562 tali
1704 4490 1808 4562 modo
1835 4496 2047 4587 compositae
2075 4492 2210 4565 Koel-

312 4635 504 4710 likerum
543 4651 823 4731 commoverunt,
858 4652 896 4712 ut
925 4640 1088 4713 directam
1121 4645 1401 4713 coniunctionem
1428 4650 1606 4712 statueret.

462 4790 549 4861 Tela
591 4794 816 4864 coniunctiva
857 4793 957 4863 strati
990 4789 1173 4882 granulosi
1197 4790 1343 4861 'externi
1370 4811 1481 4884 prope
1519 4787 1647 4858 bacilla
1687 4791 1816 4859 acriter
1843 4790 2110 4879 determinatur,
2137 4812 2208 4862 non

317 4988 471 4999 ...φ-.-.ω
500 4990 527 4995 -..
555 4991 561 4994 .
610 4991 615 4994 .

413 5102 438 5171 1)
458 5106 475 5156 l.
497 5123 520 5155 c.
540 5121 565 5170 p.
583 5103 626 5156 42.

413 5200 444 5266 2)
464 5200 619 5253 Zeltscbrilt
640 5201 682 5251 for
704 5207 750 5249 rat.
774 5200 900 5262 lledicin,
920 5200 1004 5251 series
1025 5214 1095 5251 nova
1117 5200 1189 5251 Tom.
1211 5201 1241 5261 V,
1262 5217 1287 5269 p.
1308 5200 1369 5253 ⁸245.
1407 5202 1508 5254 lbidcm
1529 5222 1579 5256 ser·
1600 5207 1677 5256 tertia
1697 5205 1769 5257 l'om.
1790 5204 1824 5268 ll,
1844 5223 1868 5273 p.
1889 5206 1931 5262 83.

410 5293 437 5360 3)
460 5294 558 5346 Gonlcr
589 5302 695 5360 practer
715 5293 778 5353 alia,
798 5310 866 5361 quac
886 5294 989 5355 scribit,
1008 5310 1032 5360 p.
1053 5294 1123 5347 751.
1144 5312 1183 5346 c:
1211 5296 1289 5360 ,ll'as
1309 5296 1353 5347 die
1372 5297 1419 5347 Art
1437 5299 1485 5351 der
1508 5300 1682 5368 Verbindung
1703 5303 1749 5353 der
1769 5301 1951 5353 lladiallnsern
1971 5305 2018 5354 mit
2038 5304 2089 5354 dou
2110 5308 2203 5354 drasse-

311 5408 358 5443 ron
378 5391 495 5442 lt'dmcsn
514 5390 624 5452 botrill't‚
644 5406 674 5440 so
697 5389 757 5439 kaurn
780 5392 830 5440 urin
850 5392 930 5441 dltcrs
950 5392 997 5441 der
1016 5391 1147 5447 chilcl,
1173 5391 1207 5441 ob
1233 5391 1307 5443 nicht
1335 5390 1459 5443 dbnlicbo
1479 5391 1573 5442 Bildor
1598 5410 1630 5444 nn
1650 5393 1799 5446 erhdrteten
1820 5394 1979 5461 Prapuraten
2001 5396 2119 5447 dadurcb
2142 5405 2202 5448 cnt-

310 5487 403 5539 steben
424 5487 629 5547 kunnandam
651 5489 695 5537 die
717 5488 830 5537 leiustcn
850 5487 994 5537 Auslu'ruler
1014 5488 1195 5538 dorerstoren
1215 5487 1272 5537 sich
1291 5488 1428 5538 zwiscben
1447 5490 1491 5538 dic
1516 5488 1643 5540 lotntcren
1669 5490 1803 5542 verlieren
1830 5491 1899 5541 obne
1919 5491 2084 5559 eigontliclre
2104 5490 2200 5544 Conti-

310 5586 395 5636 nuitdt
414 5584 465 5633 und
487 5584 528 5633 tur
548 5583 620 5633 viale
639 5582 713 5634 Faille
736 5586 768 5633 ist
789 5585 850 5634 sine
875 5582 977 5649 vdllige
996 5582 1117 5634 Evidenz
1137 5584 1212 5634 nicht
1232 5600 1263 5634 zu
1287 5583 1390 5651 geben,
1421 5581 1490 5633 doch
1511 5584 1544 5659 is,
1565 5582 1612 5633 der
1631 5583 1765 5635 llnschein
1793 5601 1826 5635 nn
1855 5584 2016 5651 unzabligcn
2045 5584 2205 5650 l'rdpurnten

309 5680 410 5748 gewiss
431 5680 472 5730 lar
493 5681 554 5730 eine
573 5678 763 5731 Continuitdt.“

504 5788 508 5797 ¹
531 5778 569 5817 ’ἢ
