4996 6952
309 693 427 754 nostra
464 691 577 753 aetate
603 679 646 751 ad
661 684 812 775 priorem
826 690 1048 774 veteremque
1068 684 1267 774 opinionem
1287 693 1510 756 reverterunt
1540 687 1609 757 viri
1637 686 1730 758 docti
1757 686 1896 758 adducti
1924 697 1959 758 et
1984 689 2137 760 inventis
2163 688 2206 759 ab

307 828 438 900 Henr.
460 825 498 897 M
506 826 695 898 uellero
722 826 818 899 tibris
844 826 1035 899 radiolibus
1061 830 1231 900 alvariis
1260 829 1565 905 observationibus
1592 832 1863 927 physiologicis.
1912 832 2067 906 Eandem
2092 856 2205 927 argu-

306 980 429 1051 mentis
456 980 649 1050 novissimo
684 986 839 1071 tempore
873 977 976 1049 factis
1003 978 1205 1048 anatomicis
1232 998 1311 1049 esse
1342 979 1547 1071 stabilitam,
1581 981 1678 1054 multi
1706 983 1927 1054 arbitrantur.
1978 982 2056 1074 Ego
2084 995 2204 1057 contra

309 1126 548 1199 contenderim
584 1130 671 1223 ipsis
705 1128 828 1220 liguris
854 1151 873 1198 a
901 1126 1172 1198 Koellikero
1211 1127 1397 1199 identidem
1434 1132 1624 1224 (postremo
1650 1134 1686 1201 in
1722 1130 1877 1203 editione
1911 1134 2010 1204 tertia
2043 1131 2122 1203 libri
2150 1134 2204 1203 sui

310 1271 613 1367 „Gewebelebre“
642 1278 811 1369 inscripto
839 1298 871 1369 p.
897 1267 984 1368 630)
1013 1274 1102 1346 datis
1128 1273 1170 1344 ad
1198 1276 1501 1350 demonstrandam
1527 1268 2203 1371 conjunctionembacittorumetcono-

306 1449 381 1498 rum
408 1449 484 1497 cum
510 1425 605 1499 tibris
630 1425 821 1497 radialibus
847 1423 1042 1494 membrana
1071 1421 1240 1493 limitante
1262 1424 1519 1518 delinientibus,
1546 1431 1661 1522 potius
1682 1428 1797 1501 refelli
1831 1450 1932 1522 quam
1959 1428 2202 1518 demonstrari,

306 1579 337 1651 si
364 1579 441 1670 quis
467 1596 621 1647 nervosa
646 1572 738 1646 dicat
763 1572 889 1645 bacilla
915 1581 949 1643 et
976 1540 1110 1647 conit).

455 1723 591 1794 Etenim
617 1722 776 1795 detectae
802 1720 910 1791 librae
936 1719 1088 1794 radiolos
1111 1723 1246 1791 retiuae
1265 1740 1394 1791 nouum
1419 1722 1494 1792 eius
1522 1720 1728 1791 elementum
1754 1720 1960 1811 docuerunt,
1986 1722 2079 1815 quod
2112 1744 2201 1792 ner-

304 1894 416 1945 uosae
449 1873 495 1943 sit
535 1880 678 1943 naturae
716 1890 831 1941 necne
861 1871 897 1939 in
934 1869 1120 1940 discrimen
1156 1877 1271 1962 potest
1295 1869 1430 1939 vocari.
1484 1866 1571 1939 Nam
1596 1878 1665 1939 tum
1692 1879 1814 1941 tennes
1848 1869 2023 1960 librae,a
2061 1869 2200 1942 bacillis

303 2025 477 2093 introrsus
504 2020 744 2107 decurrentes,
770 2016 814 2090 ob
843 2019 980 2088 nimiam
1015 2015 1285 2088 imbecillitatem
1318 2026 1420 2109 atque
1446 2020 1646 2089 tenuitatem
1671 2039 1830 2107 magnam
1856 2018 2008 2113 produnt
2033 2017 2200 2091 similitu-

304 2168 416 2240 dinem
445 2188 520 2239 cum
547 2165 642 2238 libris
664 2166 876 2237 tenuissimis
901 2168 999 2236 strati
1026 2167 1128 2236 nervi
1157 2166 1285 2258 optioi,
1322 2174 1392 2236 tum
1418 2164 1549 2236 caudae
1584 2166 1742 2236 internae
1770 2164 1931 2236 fibrarum
1956 2166 2141 2237 radiolium
2165 2177 2199 2238 et

304 2319 469 2410 imprimis
495 2314 694 2406 triangulae
714 2336 833 2386 earum
860 2323 916 2385 aut
943 2316 978 2383 in
999 2311 1102 2384 libras
1134 2310 1326 2383 dissolutae
1347 2314 1620 2403 terminationes,
1634 2316 1669 2383 in
1693 2312 1888 2384 membrana
1901 2313 2070 2386 limitante
2086 2325 2198 2404 ortae,

302 2469 350 2538 ita
375 2475 455 2538 sunt
482 2474 714 2560 comparatae,
740 2475 777 2536 ut
803 2465 871 2558 ipsi
891 2461 1167 2535 Koellilrero
1194 2481 1268 2531 non
1293 2462 1360 2530 iam
1385 2428 1465 2530 lieri
1488 2480 1594 2553 posse
1612 2459 1836 2550 videatur,ut
1861 2460 2061 2555 qnasmodo
2080 2464 2196 2531 nomi·

302 2618 461 2688 nouimus
487 2637 553 2710 pro
579 2614 702 2687 iisdem
715 2636 759 2685 ac
785 2634 974 2685 nervorum
1001 2611 1109 2684 librae
1135 2611 1374 2696 habeantur1).
1412 2609 1578 2682 Omnibus
1606 2611 1713 2701 igitur
1742 2608 1845 2681 rebus
1882 2632 1925 2680 eo
1948 2609 2197 2681 deducentibus

301 2764 515 2850 sententiae,
554 2770 591 2833 ut
627 2784 690 2857 per
714 2760 922 2833 bacillorum
954 2770 1098 2836 stratum
1127 2765 1272 2834 retinam
1303 2764 1487 2856 percipere
1521 2771 1727 2849 statuamus,
1763 2764 1809 2832 itu
1844 2771 1881 2832 ut
1914 2762 1990 2831 eius
2028 2757 2200 2829 elemento

302 2914 373 2984 sint
387 2896 624 2984 extremitates
642 2933 830 2985 neruorum
846 2952 890 2964 ·-
906 2932 973 3004 qna
992 2934 1031 2982 re
1045 2909 1189 3006 probato
1203 2911 1306 2983 fibras
1322 2909 1364 2981 ab
1387 2914 1431 2982 iis
1458 2910 1723 3005 proficiscentes
1750 2918 1888 3003 oportet
1914 2928 1994 2980 esse
2012 2928 2201 2977 nervorum

303 3058 407 3132 libras
435 3099 478 3111 -
508 3070 620 3131 tamon
648 3059 736 3131 haec
769 3063 963 3150 sententia,
991 3062 1022 3132 si
1059 3058 1196 3153 quidem
1227 3059 1317 3130 istae
1345 3058 1450 3129 librae
1469 3075 1554 3129 vcunno
1580 3058 1675 3130 libris
1711 3039 1991 3135 radialibusf
2003 3054 2199 3125 membrana

301 3213 471 3284 limitanto
508 3209 772 3283 terminantibus
809 3220 888 3282 sunt
929 3211 1167 3298 coniunctae,
1205 3210 1270 3279 vix
1307 3209 1410 3280 aliter
1447 3217 1563 3302 potest
1602 3207 1772 3299 obtineri,
1807 3063 1993 3423 μιᾷ
2030 3204 2199 3276 schema

300 3351 726 3447 Koettikcrianum²)
753 3355 978 3444 advocemus,
1004 3376 1071 3449 quo
1099 3354 1206 3443 lacto,
1234 3364 1271 3426 ut
1296 3356 1417 3448 inepte
1440 3352 1524 3424 mibi
1550 3354 1703 3442 videtur,
1727 3355 1888 3425 statuitur
1935 3356 1989 3424 ori
2013 3373 2130 3446 posse,
2164 3360 2200 3422 ut

299 3506 418 3578 eadem
446 3504 529 3576 libra
567 3505 637 3576 alio
664 3504 745 3577 loco
774 3503 896 3574 babeat
921 3506 991 3575 vim
1018 3506 1132 3592 nervi,
1155 3501 1226 3572 alio
1252 3512 1366 3573 autem
1391 3504 1460 3572 vim
1488 3500 1594 3571 librae
1619 3499 1864 3590 indifferentis,
1882 3501 1983 3573 velut
2008 3503 2084 3571 eius
2109 3520 2199 3592 quae

299 3657 451 3750 pertinet
478 3654 520 3724 ad
549 3653 652 3725 telam
672 3656 941 3725 coniunctivam.

333 3805 339 3816 '
448 3800 561 3873 blnlto
597 3804 705 3892 igitur
740 3802 852 3890 magis
886 3799 953 3870 sibi
987 3809 1150 3875 constare
1182 3799 1325 3893 putandi
1358 3809 1438 3871 sunt
1477 3799 1638 3872 nonnulli
1663 3802 1734 3872 viri
1760 3798 1856 3871 docti
1881 3821 1956 3870 cnm
1983 3797 2125 3887 dicant,
2153 3799 2196 3869 ob

299 3950 578 4020 coniunctionem
618 3969 708 4041 quae
739 3957 791 4020 est
826 3944 920 4018 libris
951 3945 1143 4018 radialibus
1169 3968 1245 4018 oum
1278 3947 1474 4019 membrana
1510 3947 1678 4019 limitante
1713 3942 1818 4042 (quae
1845 3951 1921 4041 ipsa
1956 3968 2002 4018 ne
2025 3945 2068 4015 ad
2093 3946 2196 4017 telam

299 4098 554 4168 coniunctivam
578 4098 749 4189 pertineat
773 4116 845 4165 non
871 4105 924 4167 est
954 4086 1203 4188 dubitandum),
1229 4093 1308 4165 illas
1335 4096 1429 4187 ipsas
1457 4117 1519 4189 per
1545 4105 1652 4167 totum
1678 4116 1797 4166 earnm
1823 4093 2046 4183 curriculum,
2070 4092 2196 4164 simul-

299 4265 366 4336 que
394 4243 519 4314 bacilla
548 4263 728 4336 conosque
753 4241 942 4314 secundum
968 4239 1232 4313 Koellikeri
1260 4243 1466 4312 sententiam
1489 4243 1532 4311 iis
1560 4261 1712 4330 annexa,
1737 4262 1802 4313 nec
1828 4243 1941 4311 minus
1959 4259 2070 4330 grana
2097 4241 2195 4309 strati

299 4390 483 4483 granulosi
498 4393 625 4462 interni
650 4403 684 4463 et
699 4393 852 4480 externi,
871 4389 1086 4462 haecomnia
1114 4392 1291 4484 pertinere
1306 4387 1349 4458 ad
1376 4397 1532 4458 naturam
1558 4388 1651 4459 telae
1676 4389 1933 4458 coniunctivae.
1970 4386 2196 4457 Hanoautem

299 4540 507 4610 sententiam
540 4547 679 4610 secutus
711 4548 764 4611 est
787 4535 1042 4627 Remalrius,
1067 4559 1144 4608 cum
1171 4540 1303 4609 maiore
1329 4539 1381 4608 rei
1407 4540 1657 4630 consequentia
1685 4540 1786 4606 etiam
1818 4547 1886 4609 turn
1911 4535 2141 4607 Bidderus
2162 4543 2197 4604 et

298 4706 385 4777 quos
411 4684 475 4756 ille
500 4683 692 4777 discipulos
719 4684 838 4757 habuit
861 4683 1125 4775 Blessigius
1152 4684 1540 4778 Lehmannusquo:
1568 4708 1634 4779 qua
1662 4683 1805 4780 probata
1819 4687 1966 4779 partium
1979 4684 2022 4754 ad
2049 4687 2195 4754 retinam

297 4832 543 4925 pertinentium
569 4829 666 4901 nulla
691 4831 900 4925 relinquitur
926 4852 1078 4903 nervosa
1106 4834 1174 4902 nisi
1200 4831 1309 4904 fibrae
1333 4838 1436 4907 nervi
1463 4836 1569 4929 optioi
1599 4844 1633 4904 et
1663 4831 1813 4903 cellulae
1838 4830 2060 4922 gangliosae.

448 4973 575 5059 Quid?
602 4975 694 5071 quod
718 4974 852 5048 Henr.
879 4979 956 5071 ipse
982 4973 1251 5068 Muellerus,
1276 4982 1331 5051 oui
1358 4980 1519 5051 librarum
1547 4978 1729 5049 radiolium
1758 4976 1989 5049 detectionem
2018 4976 2195 5063 debemuS,

298 5141 369 5191 non
396 5120 499 5190 aliam
525 5123 577 5191 rei
603 5120 842 5216 explorandae
872 5127 1044 5196 rationem
1070 5125 1251 5198 inuenisse
1278 5123 1443 5215 videtur,
1469 5146 1569 5218 quam
1596 5134 1632 5195 ut
1651 5123 1727 5194 beri
1754 5144 1859 5216 posse
1887 5124 2126 5211 existimaret,
2160 5130 2196 5191 ut

297 5290 386 5363 quoe
414 5267 498 5338 libra
531 5270 568 5339 in
593 5269 790 5340 membrana
825 5270 992 5345 limitante
1025 5270 1193 5344 fulciendi
1230 5281 1360 5344 tantum
1390 5293 1513 5344 caussa
1549 5271 1699 5359 adesset,
1732 5269 1887 5343 eiusdem
1924 5289 2005 5362 pars
2037 5277 2195 5338 extrema

296 5440 612 5452 ψει-ι...-

395 5535 422 5603 1)
442 5535 588 5588 llandbucb
607 5536 655 5588 der
674 5534 868 5588 Gewebelcbre
889 5540 931 5589 ed.
952 5544 1038 5592 tertia.
1061 5541 1130 5593 1859
1150 5557 1174 5607 p·
1195 5541 1257 5594 641.

395 5630 427 5695 2)
448 5630 469 5681 l.
493 5647 517 5679 r.
536 5646 562 5697 p.
583 5628 637 5683 639
655 5629 699 5699 fig
721 5628 782 5683 338.
