4996 6952
337 855 425 928 quos
451 837 488 906 in
522 838 634 907 retina
668 833 765 904 libris
792 833 1032 904 bluellerianis
1058 832 1256 904 adiacentes
1285 833 1464 928 descripsi.
1515 833 1591 906 Etsi
1627 844 1739 907 autem
1771 855 1932 907 summam
1962 833 2041 904 dedi
2073 854 2226 927 operam,

338 992 394 1071 ut,
421 985 456 1051 in
484 984 622 1072 integro
649 983 838 1074 praecipue
860 979 1031 1066 cerebro,
1058 979 1205 1051 cellulas
1237 1003 1257 1050 e
1292 981 1426 1053 nucleis
1454 980 1642 1070 efficerem,
1667 992 1779 1052 tamen
1807 987 1929 1054 iterum
1963 992 2065 1075 atque
2099 983 2224 1052 iterum

338 1130 556 1220 contendam,
591 1128 704 1201 nudos
737 1150 817 1201 esse
853 1127 1000 1200 nucleos
1035 1133 1071 1199 in
1115 1128 1275 1201 librarum
1305 1139 1381 1201 rete
1419 1131 1622 1201 insinuatos.
1698 1129 1765 1216 Qui
1802 1129 1916 1201 nuclei
1957 1131 2115 1224 equidem
2152 1151 2223 1202 non

337 1280 588 1368 dubitaverim,
614 1282 717 1372 quin,
751 1278 902 1350 collecto
937 1279 1066 1348 circum
1100 1298 1139 1348 se
1171 1276 1463 1371 protoplasmate,
1491 1279 1595 1348 certis
1617 1277 1680 1348 sub
1707 1276 1964 1350 conditionibus
1991 1277 2228 1373 pathologicis

337 1426 486 1498 cellulae
518 1427 613 1518 liant,
638 1449 773 1518 verum,
792 1449 867 1498 cum
895 1426 1043 1497 normali
1068 1434 1207 1497 utantur
1234 1435 1337 1514 statu,
1361 1427 1430 1496 nisi
1454 1428 1582 1497 iniuria
1609 1425 1759 1498 cellulae
1791 1429 1827 1497 in
1855 1426 2081 1500 substantiam
2110 1431 2227 1499 inter-

337 1573 541 1646 cellularem
567 1577 762 1647 insinuatae
788 1576 960 1645 nominari
988 1593 1057 1642 non
1084 1595 1189 1668 posse
1213 1574 1387 1646 videntur.

733 2034 814 2137 dap.
830 2034 890 2113 111.
923 2033 974 2111 lle
998 2031 1099 2109 ibris
1125 2030 1263 2108 rervcis
1287 2029 1326 2106 in
1352 1976 1474 2108 stratis
1500 2031 1648 2110 rutinae·
1662 2032 1826 2112 externis.

485 2411 599 2483 Primo
634 2396 748 2508 capite
771 2415 893 2509 quales
926 2417 995 2486 siut
1033 2411 1194 2483 librarum
1219 2427 1426 2479 nervearum
1453 2410 1683 2502 proprietates
1712 2412 1747 2481 iu
1775 2412 1909 2481 interna
1937 2413 2071 2481 retinae
2095 2433 2226 2505 super-

339 2558 416 2630 licie
448 2559 728 2654 perquirentibus
757 2559 856 2633 nobis
883 2579 1085 2655 persuasum
1110 2557 1187 2646 luit,
1213 2575 1292 2627 esse
1317 2553 1411 2643 illas,
1430 2557 1587 2650 exceptis
1613 2557 1734 2651 paucis
1762 2555 2010 2628 nonnullorum
2030 2558 2226 2631 animalium

336 2709 447 2817 locqs,
474 2710 532 2780 ubi
558 2683 688 2799 vagina
716 2707 898 2779 medullari
931 2710 1122 2778 instructae
1147 2702 1227 2775 ideo
1254 2703 1383 2775 lumine
1405 2702 1581 2775 incidente
1607 2704 1687 2776 albo
1714 2705 1836 2776 colore
1867 2716 2007 2778 utuntur
2042 2708 2155 2796 (velut
2193 2713 2228 2780 in

337 2857 457 2950 lepore
490 2855 607 2929 timido
643 2865 677 2928 et
713 2854 874 2926 cuniculo
901 2853 1151 2948 nonnullisque
1174 2851 1490 2949 piscibus],uudos
1517 2855 1594 2923 axis
1623 2852 1817 2950 cylindros,
1831 2854 1921 2927 idest
1947 2855 2049 2927 libras
2078 2879 2228 2929 nerveas

335 3005 465 3095 vagina
487 3001 669 3075 medullari
696 3012 730 3073 et
753 3003 883 3094 vagina
911 3011 1056 3073 externa
1085 3000 1397 3091 (neurolemmateJ
1427 3012 1597 3072 carentes.
1647 3000 1717 3072 lam
1742 3024 1817 3073 cnm
1845 3006 1881 3072 in
1904 3003 2086 3076 decursum
2112 3028 2230 3077 earum

338 3173 401 3245 per
412 3159 527 3221 cetera
542 3151 677 3220 relinae
689 3159 796 3222 strata
807 3148 1049 3243 inquirendum
1064 3152 1121 3240 sit,
1136 3153 1280 3244 primum
1295 3148 1490 3222 accedimus
1506 3149 1549 3220 ad
1572 3158 1713 3223 stratum
1729 3152 1933 3223 cellularum
1954 3155 2229 3246 gangliosarum,

338 3310 537 3372 extrorsum
577 3299 760 3393 excipiens
795 3307 938 3373 stratum
973 3296 1132 3369 librarum
1172 3300 1273 3371 nervi
1301 3300 1418 3393 optici.
1467 3297 1564 3385 Quae
1596 3300 1812 3395 protulerunt
1836 3300 2153 3395 lloellikerus,
2188 3306 2228 3376 ll.

336 3446 614 3539 Muellerus,
652 3445 805 3538 Cotti,
841 3446 1096 3538 Remakins,
1123 3445 1438 3538 Rerjgmannus
1466 3446 1551 3537 alii,
1592 3469 1819 3538 consensum,
1852 3453 1910 3542 qui
1944 3462 1996 3522 est
2037 3454 2128 3523 inter
2166 3452 2232 3524 has

337 3594 483 3668 collnlns
497 3606 532 3668 et
546 3593 692 3667 cellulas
709 3593 913 3685 gangliosas
942 3595 1075 3665 cerebri
1096 3602 1129 3664 et
1153 3591 1326 3664 medullae
1344 3596 1503 3689 spinalis,
1517 3594 1700 3689 evidenter
1727 3595 2005 3670 declaraverunt.
2033 3599 2073 3670 ln
2090 3599 2229 3673 homine

334 3747 549 3838 potissimum
578 3741 880 3837 mammalibusque
906 3741 1151 3833 grandioribus
1175 3743 1262 3812 istae
1288 3740 1438 3813 cellulae
1465 3765 1528 3837 pro
1557 3742 1694 3815 cellulis
1728 3745 1925 3835 gangliosis
1950 3749 2228 3844 multipolaribus

335 3890 440 3963 facile
464 3903 611 3988 possunt
626 3892 865 3965 demonstrari.
899 3890 1051 3963 Nucleus
1066 3911 1182 3960 earum
1201 3900 1234 3961 et
1247 3889 1429 3961 nucleolos
1445 3893 1575 3984 insigni
1597 3902 1677 3962 sunt
1705 3891 1765 3962 illa
1792 3895 2041 3986 magnitudine,
2067 3919 2165 3990 quam
2192 3902 2227 3969 in

334 4041 472 4114 cellulis
517 4040 718 4132 gangliosis
762 4041 949 4113 maioribus
989 4040 1136 4112 aliorum
1182 4037 1339 4108 locorum
1372 4041 1535 4109 invenire
1569 4038 1731 4110 solemus.
1789 4040 1887 4126 Quod
1925 4065 1999 4112 cum
2037 4034 2228 4137 'processus

334 4211 450 4260 earum
482 4188 643 4261 adhibitis
672 4191 808 4262 idoneis
835 4190 1067 4262 solutionibus
1090 4189 1230 4261 easdem
1256 4206 1400 4282 prorsus
1423 4190 1666 4260 varicositates
1694 4189 1774 4261 illas
1795 4190 1996 4281 exhibeant,
2021 4215 2105 4285 quas
2124 4196 2229 4267 fibrae

333 4339 433 4409 strati
467 4338 594 4430 optici,
619 4357 664 4407 ne
689 4340 827 4408 minime
854 4336 990 4431 quidem
1018 4337 1183 4409 dubitatio
1211 4347 1276 4425 est,
1299 4339 1379 4429 quin
1398 4335 1515 4407 barum
1533 4336 1690 4408 librarum
1714 4343 1880 4411 transitus
1907 4343 1951 4412 sit
1969 4344 2169 4417 statuendus
2194 4350 2229 4417 in

334 4485 481 4559 cellulas
510 4485 726 4576 gaugliosas.
781 4487 888 4580 ldque
914 4483 1073 4557 lecerunt
1098 4495 1274 4576 auctores,
1303 4507 1388 4578 quos
1416 4507 1519 4580 supra
1548 4489 1811 4560 nominavimus.

483 4633 641 4707 Gellulae
676 4636 885 4727 gangliosae
913 4657 956 4705 ne
992 4638 1063 4709 suis
1092 4635 1232 4706 sedibus
1259 4648 1466 4708 moveantur
1494 4635 1652 4732 probibet
1679 4637 1747 4709 tela
1773 4641 1994 4710 coniunctiva
2022 4643 2224 4733 reticulosa,

331 4809 420 4882 quae
446 4808 466 4856 a
493 4783 587 4857 fibris
614 4781 856 4856 Muellerianis
880 4786 999 4856 oritur.
1035 4782 1101 4856 Ubi
1127 4784 1279 4856 cellulae
1308 4787 1344 4855 in
1372 4788 1587 4879 praeparatis
1603 4784 1733 4856 duratis
1761 4796 1835 4856 arte
1863 4791 2057 4881 eripiuntur
2078 4791 2226 4863 lacunae

330 4938 458 5008 acriter
498 4937 642 5007 excisae
667 4944 859 5023 remanent,
884 4955 1026 5027 quarum
1053 4933 1237 5005 confinium
1264 4935 1416 5029 speciem
1444 4931 1537 5005 ferre
1565 4945 1679 5028 potest
1711 4939 1980 5028 vaginarum
2021 4938 2225 5013 cellularum

331 5083 595 5176 gangliosarnm
622 5124 666 5137 -
693 5104 822 5176 easque
848 5105 868 5154 a
895 5104 934 5155 se
958 5104 999 5154 re
1026 5104 1111 5154 vera
1130 5084 1333 5158 observatas
1362 5106 1441 5158 esse
1466 5084 1747 5175 Remalrins¹l
1777 5087 1935 5177 credidit,
1963 5111 2048 5182 quas
2074 5096 2224 5183 vaginas

329 5244 441 5306 tamen
479 5255 539 5304 cur
566 5232 624 5303 bio
648 5242 835 5306 statuamus
859 5255 929 5304 nou
948 5233 1026 5329 plus
1052 5255 1180 5305 causae
1207 5245 1260 5306 est
1286 5257 1384 5328 quam
1410 5239 1446 5307 in
1470 5234 1615 5307 cerebro
1642 5235 1862 5330 medullaque
1889 5239 2028 5332 spinali.

481 5379 616 5453 Gallula
630 5391 667 5453 ut
683 5379 855 5453 efficiatur
868 5383 963 5455 multi
980 5384 1220 5456 membranam
1238 5392 1426 5456 externum
1446 5384 1571 5456 adesse
1586 5395 1749 5478 oportere
1776 5397 1930 5459 censent.
1958 5387 2074 5474 Quare
2090 5391 2224 5461 retinae

428 5744 456 5799 1}
475 5744 601 5796 llediciu.
621 5741 839 5813 Centralzeitnng
860 5743 929 5798 1854
949 5743 992 5796 llr.
1013 5743 1038 5796 1.
