4996 6952
241 835 354 906 dinem
373 835 542 928 quandam
563 853 699 921 aarum,
725 830 845 923 quales
872 829 1009 922 quidem
1036 839 1205 923 apparent
1231 831 1268 898 in
1295 831 1417 901 retinis
1439 829 1584 914 duratis,
1611 850 1687 900 cum
1719 829 1813 901 iibris
1839 828 1931 901 telae
1963 829 2130 901 elasticaa

238 994 360 1054 extare
382 983 592 1069 edocuisset,
620 980 918 1051 Koeliikerus
943 981 1053 1072 primo
1081 976 1276 1048 dubitanter
1304 978 1529 1050 tumliberins
1557 1000 1620 1072 pro
1635 982 1776 1051 nerveis
1793 980 1887 1052 fibris
1906 1003 1967 1053 aas
1994 981 2132 1053 baben-

239 1129 300 1202 das
327 1152 407 1202 esse
432 1130 649 1201 confirmavit
662 1121 699 1223 ¹).
739 1125 821 1199 Post
847 1128 889 1199 H.
916 1117 1203 1213 noeriorum
1232 1127 1308 1218 ipse
1334 1128 1444 1217 magis
1471 1125 1618 1196 adbanc
1644 1130 1849 1198 sententiam
1872 1129 2129 1222 esttraductus‚

239 1278 273 1350 id
300 1302 404 1351 unum
430 1275 523 1372 quod
541 1275 839 1347 Koeliikerus
862 1295 1068 1347 reservans:
1087 1276 1242 1347 internas
1255 1275 1475 1346 membranae
1501 1274 1659 1347 limitanti
1674 1275 1843 1348 adversas
1870 1280 2130 1353 terminationes

237 1453 309 1503 uon
324 1441 388 1501 tam
403 1449 552 1499 nerveas
576 1448 655 1499 esse
669 1448 785 1520 posse,
800 1447 900 1518 quam
914 1426 1028 1497 videri
1054 1426 1096 1497 ad
1133 1425 1237 1497 teiam
1271 1427 1530 1497 coniunctivam
1556 1427 1745 1518 pertinere,
1785 1446 1899 1520 neque
1933 1427 2026 1499 aliud
2064 1430 2132 1500 nisi

238 1588 436 1674 apparatum
462 1574 629 1648 iniciendi
655 1573 833 1645 exhibere.
886 1573 1061 1684 Externas
1097 1584 1209 1644 autem
1236 1571 1354 1643 barum
1379 1571 1537 1642 librarum
1564 1568 1824 1644 terminationes
1862 1594 2016 1646 nerveae
2052 1543 2135 1648 esse

238 1737 385 1798 naturae
411 1747 458 1796 ex
482 1746 524 1795 eo
552 1722 744 1812 deducitur,
771 1721 862 1814 quod
891 1743 966 1793 cum
994 1721 1133 1793 cellulis
1161 1724 1230 1792 sint
1256 1723 1463 1792 coniunctae
1490 1725 1629 1793 externi
1657 1726 1756 1796 strati
1783 1726 1980 1817 granulosi,
2008 1736 2041 1798 et
2068 1748 2131 1823 per

239 1877 272 1947 id
301 1897 375 1946 cum
401 1873 539 1946 bacillis
566 1883 600 1944 et
627 1874 725 1944 conis
754 1871 978 1959 cohaereant,
1005 1890 1093 1964 quos
1120 1890 1183 1963 pro
1199 1867 1352 1962 partibus
1380 1869 1495 1940 lumen
1522 1871 1795 1982 percipientibus
1823 1878 1958 1946 retinas
1985 1875 2135 1970 ideaque

239 2047 302 2119 pro
327 2020 624 2096 terminationibus
651 2019 811 2091 iibrarnm
826 2039 1031 2090 nervearum
1059 2015 1289 2088 declarandos
1307 2040 1387 2090 csse
1412 2020 1559 2111 utrique¹
1575 2022 1645 2091 viri
1669 2021 1761 2093 docti
1785 2002 2017 2095 consentiunt.

387 2166 480 2241 Fieri
508 2191 578 2239 non
606 2171 844 2265 potuit,qunm
861 2189 932 2238 nou
955 2165 1245 2237 facilesententia
1270 2163 1314 2234 de
1340 2162 1471 2257 duplici
1501 2164 1660 2238 fibrarum
1676 2165 1983 2239 Muellerianarum
2011 2181 2132 2242 natura

239 2321 396 2393 omuibus
423 2320 642 2413 probaretur,
669 2319 752 2411 quin
777 2316 838 2387 alii
866 2315 966 2387 buius
993 2317 1046 2386 rei
1072 2315 1221 2387 studiosi
1248 2336 1322 2402 eas,
1337 2324 1373 2386 nt
1392 2317 1459 2384 iam
1485 2312 1647 2405 diximus,
1663 2337 1726 2409 per
1752 2325 1856 2386 totam
1880 2339 1994 2388 earnm
2011 2319 2135 2410 longi-

237 2469 387 2542 tudinem
408 2467 508 2539 simui
536 2487 610 2537 cnm
638 2465 796 2537 omnibus
821 2463 1028 2558 corporibus
1053 2460 1319 2534 cohaerentibus
1347 2484 1498 2535 nerveas
1522 2486 1600 2537 esse
1625 2477 1819 2562 negarant,
1845 2467 1886 2538 ad
1915 2469 2015 2540 telam
2042 2491 2134 2540 con-

238 2620 425 2689 iunctivam
450 2619 627 2710 pertinere
652 2612 874 2684 affirmarent.
914 2610 1041 2681 Eorum
1069 2613 1104 2679 in
1132 2631 1276 2681 numero
1304 2621 1381 2682 erat
1407 2607 1717 2708 Remakius³);
1742 2614 1784 2684 ad
1810 2625 1998 2686 extremum
2022 2627 2134 2688 autem

238 2769 443 2837 sententiam
463 2763 507 2836 de
531 2763 712 2835 elementis
739 2765 886 2849 ratione,
913 2764 1012 2855 quasi
1039 2761 1082 2831 ad
1109 2760 1211 2832 telam
1235 2763 1492 2833 coniunctivam
1521 2766 1757 2856 pertinerent,
1796 2764 2015 2838 adduxerunt
2043 2768 2135 2838 inter

240 2916 385 3006 eosqui
412 2913 645 2999 Bidderum
673 2914 783 2983 secuti
810 2906 891 2981 su'nt
914 2902 1220 3005 Blessigius⁴)
1236 2920 1271 2980 et
1293 2907 1632 3009 heumannum),
1660 2917 1719 3006 qui
1745 2935 1791 2983 ax
1818 2914 1975 2986 omnibus
1999 2919 2133 2986 retinae

239 3062 393 3156 partibus
419 3060 507 3132 nibil
543 3082 607 3154 pro
635 3061 778 3130 nerveis
806 3070 1030 3150 agnoverunt
1053 3026 1152 3153 quam
1180 3058 1283 3129 fibras
1310 3062 1411 3129 nervi
1435 3064 1553 3154 optici.

392 3210 490 3296 Quae
517 3208 560 3277 de
587 3217 707 3279 natura
735 3207 895 3279 librarum
921 3206 1102 3279 radialium
1138 3212 1272 3280 retinae
1294 3213 1457 3281 sentirem
1484 3211 1640 3284 breviter
1664 3234 1732 3303 ego
1760 3218 1907 3308 exposui
1935 3217 1970 3285 in
1999 3215 2136 3285 disser-

504 3311 535 3396 ἲ

239 3357 429 3430 tatiuncula
457 3378 626 3451 ea-quam
652 3357 778 3451 scripsi
806 3356 849 3427 de
872 3359 1114 3429 terminatione
1140 3360 1242 3429 nervi
1271 3354 1496 3456 olfactorii⁶).
1530 3360 1773 3434 Demonstravi
1801 3362 1869 3435 duo
1898 3385 1977 3435 esse
2003 3385 2134 3456 genera

239 3497 399 3579 fibrarum
426 3506 609 3579 radiaiium
635 3509 754 3600 utique
780 3506 945 3595 diversa,
979 3499 1124 3580 alterum
1164 3512 1393 3581 constantium
1430 3534 1449 3582 e
1484 3511 1553 3583 teia
1585 3514 1808 3584 coniunctiva
1843 3515 1949 3607 (quas
1977 3515 2135 3609 equidem
2168 3496 2169 3501 ¹

243 3651 493 3725 bluelleriauas
519 3653 703 3747 nuncupo)
731 3652 875 3724 altarum
903 3673 1122 3725 nervearom.

392 3800 469 3871 Hoc
494 3820 563 3890 ego
589 3798 776 3872 discrimen
801 3803 902 3871 etiam
930 3811 1009 3896 post
1036 3805 1259 3894 quaestiones
1285 3825 1410 3875 recens
1436 3827 1455 3874 a
1483 3826 1537 3875 me
1563 3808 1736 3880 institutas
1762 3811 1968 3880 immutatum
1986 3833 2136 3883 conser-

242 3948 393 4020 vandum
421 3971 501 4021 esse
527 3949 688 4022 arbitror.
742 3950 874 4023 Fibroe
901 3951 1164 4022 Mueller-ionae
1187 3956 1329 4022 retineo
1352 3953 1468 4041 fibrae
1493 3965 1576 4027 cont
1604 3959 1700 4029 taine
1726 3965 2136 4056 consonantemque

245 4099 354 4169 ettam
391 4097 523 4169 babent
555 4098 819 4170 similitudinem
846 4122 924 4169 cum
946 4098 1048 4192 fibris
1075 4105 1259 4186 nerooaie;
1295 4125 1469 4196 nosquam
1501 4108 1577 4174 eice
1616 4128 1695 4175 cam
1730 4108 1802 4177 tttts
1828 4112 1904 4179 siue
1940 4133 2018 4180 cnm
2054 4112 2135 4182 aliis

245 4246 429 4316 elementia
456 4251 596 4319 aaran
623 4253 891 4321 continuantur.

390 4392 571 4466 Fibrarum
605 4395 913 4470 Muellerianarum
947 4406 1095 4473 maxima
1132 4422 1212 4496 pars
1250 4400 1387 4473 radices
1422 4402 1525 4475 babet
1558 4408 1594 4477 in
1632 4407 1827 4478 membrana
1867 4408 2035 4482 limitabte
2075 4413 2134 4484 vel

243 4533 357 4630 potius
385 4560 459 4609 eam
486 4544 595 4635 ipsam
622 4559 697 4614 cum
724 4548 1021 4620 terminationibus
1048 4551 1120 4621 suis
1148 4551 1295 4620 internis
1322 4547 1438 4620 efficit.
1478 4547 1676 4622 Membrana
1697 4556 1775 4642 ista,
1803 4565 1839 4626 nt
1864 4577 1986 4655 verum
2013 4557 2134 4648 dicam,

243 4684 329 4756 nibii
356 4686 450 4759 aliud
482 4699 535 4761 est
563 4713 661 4784 quam
688 4697 903 4767 consociatio
932 4700 1079 4768 omnium
1101 4701 1379 4770 terminationum
1407 4703 1618 4772 internarum
1649 4702 1807 4774 fibrarum
1833 4704 1901 4795 Μ.,
1928 4728 2016 4798 quae
2043 4728 2135 4777 con-

245 4925 539 4939 -ᾑ

339 5108 366 5176 1)
386 5110 568 5181 Wdrzburgar
593 5115 823 5187 Verbandlungeu
847 5118 925 5175 1852.
955 5121 979 5176 3.
999 5122 1064 5175 tuli.
1103 5124 1332 5193 biicroscopiscbe
1358 5126 1499 5178 Auatomia
1527 5127 1559 5179 11.
1579 5128 1603 5180 Q.
1631 5127 1709 5195 1854,
1734 5149 1759 5199 p.
1787 5133 1846 5186 697.
1865 5133 2011 5189 Haudbncb
2031 5141 2056 5191 d.
2078 5137 2134 5191 Ge-

242 5203 397 5256 wcbelebre
415 5207 456 5257 ed.
476 5205 524 5269 lii,
544 5224 570 5275 p.
591 5208 651 5262 279.
955 5192 974 5218 ⁸

344 5301 372 5366 2)
393 5301 423 5353 ii.
444 5303 611 5356 biuciieri
631 5309 762 5359 sententia
781 5310 815 5361 de
834 5317 924 5362 natura
946 5312 1068 5365 iibrarum
1089 5315 1228 5368 radiaiium
1249 5319 1410 5384 amplissime
1430 5321 1549 5385 expositu
1570 5328 1608 5371 eet
1633 5323 1660 5372 in
1683 5320 1813 5375 Zeitschr.
1837 5326 1878 5378 intr
1898 5331 1970 5380 wisa.
1993 5330 2130 5399 Zooiogic

240 5393 312 5445 Tom.
338 5395 409 5459 Viii,
433 5413 459 5463 p·
479 5396 592 5452 72-76.

340 5489 369 5555 3)
390 5491 514 5542 Medicin.
536 5492 755 5562 Cautralzcitung
776 5496 855 5561 1854,
876 5499 919 5551 ttr.
940 5502 964 5553 1.

339 5584 369 5650 4)
389 5585 428 5637 Dc
446 5590 549 5639 retinae
566 5597 676 5641 textura.
716 5591 816 5658 Dorpat
835 5592 905 5649 1855
925 5613 950 5663 p.
971 5597 1015 5663 83,
1035 5611 1061 5655 et
1083 5600 1227 5655 Conclusio
1248 5600 1338 5655 itima.

339 5680 367 5746 5)
389 5680 574 5747 Experimenta
593 5686 627 5736 de
643 5689 718 5737 nervi
741 5690 824 5753 optici
847 5691 953 5744 dissecti
976 5703 1028 5746 etc·
1067 5695 1168 5762 Dorpat
1189 5691 1258 5748 1857
1278 5713 1304 5763 p.
1324 5695 1366 5748 63.

340 5775 368 5841 6)
390 5778 613 5833 bionatsbaricbte
633 5783 681 5834 der
702 5784 727 5834 Ιι.
749 5785 894 5839 Academie
916 5805 946 5839 ru
968 5788 1070 5842 Berlin.
1110 5789 1178 5844 1856
1198 5807 1222 5856 p.
1243 5792 1304 5844 511.
