4996 6952
847 801 928 902 bap.
955 800 982 879 l.
1033 801 1084 879 llc
1117 809 1231 880 santo
1257 800 1357 878 nervi
1382 799 1495 900 optici
1521 801 1669 880 retineo.

460 1099 620 1196 Excepto
639 1102 717 1174 solo
744 1097 1014 1200 Petromynontc
1040 1109 1132 1176 inter
1158 1109 1288 1199 pisces,
1303 1106 1401 1176 cuius
1430 1108 1532 1176 nervi
1558 1127 1702 1199 prorsus
1730 1120 1850 1181 carent
1860 1117 1990 1201 vagina
2006 1111 2203 1204 medullari,

313 1251 474 1323 animalia
501 1251 701 1323 vertebrata
729 1255 867 1343 omnia,
894 1264 1055 1348 quantum
1082 1254 1218 1348 quidem
1245 1262 1360 1324 notum
1384 1256 1450 1345 sit,
1489 1257 1524 1324 in
1561 1265 1685 1327 trunco
1720 1261 1821 1329 nervi
1854 1261 1960 1352 optici
1987 1281 2099 1353 usque
2128 1261 2205 1331 dum

311 1405 437 1475 transit
450 1400 512 1472 ille
538 1407 575 1474 in
601 1405 748 1474 retinam
775 1402 877 1475 libras
905 1401 1033 1475 habent
1058 1402 1207 1474 medulla
1235 1423 1367 1473 nervea
1383 1395 1632 1474 circumdatas*
1655 1403 1695 1474 ln
1721 1407 1797 1498 ipsa
1825 1416 1938 1477 autem
1964 1404 2206 1502 retina,]cuins

311 1554 482 1623 internam
507 1549 726 1645 superlicicm
753 1571 872 1623 crasso
900 1570 1128 1621 nervosarum
1156 1550 1317 1622 librarum
1342 1559 1451 1623 strato
1480 1560 1693 1624 exstructam
1719 1574 1799 1626 esse
1813 1566 1930 1627 notum
1956 1567 2022 1647 est,
2042 1562 2207 1649 vaginam

311 1701 537 1774 medullarem
563 1699 647 1772 illae
673 1700 833 1794 perdunt,
859 1697 950 1793 apud
979 1700 1146 1792 quaedam
1171 1699 1332 1770 animalia
1358 1699 1420 1772 vel
1449 1711 1530 1772 ante
1556 1702 1721 1796 papillam
1745 1703 1848 1775 nervi
1876 1707 1995 1799 optici,
2020 1706 2112 1800 apnd
2137 1707 2205 1778 alia

314 1847 434 1943 paullo
460 1858 537 1941 post
564 1846 671 1934 illam,
694 1845 782 1916 adeo
809 1855 846 1917 ut
872 1845 954 1916 liant
981 1845 1087 1916 fibrae
1114 1846 1322 1940 pellucidae,
1348 1847 1427 1919 luce
1453 1849 1629 1921 incidente
1654 1872 1725 1922 non
1751 1854 1818 1922 iam
1851 1852 1952 1924 albae
1983 1867 2205 1949 apparentes,

315 1996 489 2091 pallentes
515 1994 794 2089 pellucidaeqne,
816 2015 975 2087 magnam
996 2005 1127 2089 partem
1159 2000 1336 2069 tenuitatis
1362 1997 1439 2068 lere
1464 1998 1768 2071 indeterminabili.

461 2143 587 2217 Fibrae
614 2148 716 2216 nervi
740 2146 846 2237 optici
869 2142 1031 2215 differunt
1055 2143 1097 2215 ab
1133 2144 1211 2218 aliis
1247 2146 1342 2216 libris
1369 2134 1533 2218 nervosis
1560 2147 1791 2242 periphericis
1815 2161 1851 2222 et
1879 2151 1971 2245 quod
1997 2151 2102 2222 multa
2129 2162 2209 2224 sunt

313 2298 480 2368 tenuitate
507 2314 695 2387 parumque
721 2295 889 2363 resistunt
914 2301 949 2362 et
974 2264 1109 2363 viribus
1137 2297 1292 2366 externis
1320 2306 1354 2366 et
1380 2295 1536 2369 adductis
1560 2296 1715 2368 chemise
1743 2300 1978 2390 reagentibus.
2021 2301 2097 2387 Qua
2114 2303 2149 2371 in
2169 2321 2208 2370 re

314 2445 446 2517 similes
472 2453 552 2516 suut
573 2442 668 2514 libris
692 2441 906 2514 substantiae
931 2440 1133 2514 medullaris
1161 2441 1297 2513 cerebri
1324 2454 1359 2513 et
1393 2444 1566 2516 medullae
1580 2447 1737 2539 spinalis.
1777 2447 1876 2533 Quae
1898 2449 2070 2542 quomodo
2085 2450 2209 2522 diver-

313 2618 376 2669 sae
410 2598 479 2666 sint
503 2616 523 2663 a
549 2593 643 2666 libris
669 2612 857 2664 nervormn
883 2590 1183 2685 periphericorum
1209 2612 1280 2662 non
1306 2591 1490 2665 obscurum
1513 2616 1593 2666 esse
1618 2604 1765 2667 constat.
1795 2633 1838 2648 -
1869 2592 1996 2667 Fibrae
2021 2618 2209 2667 nervorum

315 2743 614 2840 periphericorum
649 2763 710 2813 cur
737 2740 861 2813 lortius
893 2743 1079 2829 resistant,
1104 2743 1216 2812 minus
1244 2751 1357 2812 autem
1383 2740 1489 2813 librae
1517 2761 1731 2832 organorum
1761 2744 1985 2836 centralium,
2009 2742 2111 2819 buius
2157 2747 2210 2815 rei

317 2915 421 2966 causa
457 2893 532 2963 iure
558 2890 639 2961 mibi
666 2890 805 2962 videtur
830 2891 943 2983 positu
972 2909 1051 2960 esse
1077 2891 1115 2960 in
1143 2892 1272 2980 vagina
1300 2892 1480 2961 exteriora
1507 2885 1677 2985 („vagina
1695 2886 2013 2987 Schwanniana“),
2040 2916 2139 2987 quam
2165 2915 2212 2965 ex

313 3047 481 3137 analogia
507 3043 794 3129 sarcolemmatis,
823 3040 1030 3132 insequenti
1055 3037 1289 3132 disputatione
1304 3036 1607 3132 ,Necrolcmmo“
1636 3061 1839 3134 nuncupare
1865 3010 2002 3324 plffi
2040 3040 2211 3133 Vaginam

313 3193 538 3265 medullarem
562 3202 597 3263 et
634 3189 830 3286 cylindrum
859 3192 937 3261 axis
973 3197 1141 3280 utraeque
1170 3186 1298 3259 habent
1338 3189 1415 3281 pari
1449 3187 1572 3278 modo,
1607 3188 1767 3261 librarum
1793 3211 1903 3262 nerve
2036 3190 2213 3264 diversum

250 3419 253 3428 λ
316 3355 427 3416 autem
462 3351 515 3414 est
554 3339 801 3410 neurolemma.
856 3335 1055 3408 Cuiusmodi
1086 3357 1174 3407 uero
1208 3339 1253 3407 sit
1290 3333 1376 3406 haec
1409 3334 1690 3407 neurolemmatis
1718 3336 1915 3409 dillerentia
1943 3340 1979 3408 in
2007 3359 2051 3409 eo
2073 3340 2211 3408 minime

315 3489 512 3562 concordes
538 3495 619 3559 sunt
645 3488 801 3557 virorum
824 3482 1006 3555 doctorum
1034 3484 1240 3555 sententiae.
1279 3478 1398 3554 Veluti
1422 3474 1668 3575 Stilling¹)
1707 3474 1758 3574 (ut
1794 3487 1986 3555 recentium
2019 3482 2209 3555 nonnullos

314 3627 545 3730 nominemus)
574 3655 675 3727 quem
703 3643 820 3703 notum
856 3643 908 3704 est
947 3635 983 3702 in
1022 3631 1238 3703 subtiliorem
1278 3628 1438 3700 librarum
1474 3652 1682 3702 nervearum
1719 3639 1927 3702 structuram
1963 3631 2073 3703 fusius
2106 3641 2209 3724 atque

314 3787 517 3877 diligentius
542 3783 743 3875 inquisisse,
769 3780 856 3852 nibil
884 3782 1057 3851 interesse
1084 3780 1203 3850 statuit
1227 3780 1319 3849 inter
1355 3775 1597 3850 formationem
1627 3779 1906 3852 neurolemmatis
1945 3779 2149 3850 centralium
2176 3791 2209 3851 et

311 3934 609 4030 periphericarum
641 3930 799 4001 librarum
827 3949 1046 4001 nervearum.
1100 3925 1205 3999 Cuius
1232 3930 1429 4000 sententiae
1455 3929 1576 3997 nescio
1602 3947 1647 3996 an
1675 3926 1804 3997 nullam
1831 3925 1955 3998 babeat
1980 3925 2207 4018 laudatorem,

310 4080 592 4176 quemadmodum
620 4099 665 4149 ne
691 4088 884 4149 ceterarum
911 4074 1047 4169 quidem
1077 4076 1326 4147 sententiarum
1350 4075 1392 4145 dc
1414 4074 1597 4146 subtiliore
1624 4095 1813 4145 nervorum
1838 4083 2010 4147 structura
2037 4081 2207 4171 proposi-

310 4242 432 4322 tarum,
460 4251 544 4322 quas
571 4231 703 4324 positas
730 4247 810 4297 esse
835 4227 870 4295 in
898 4221 1090 4310 erroribus,
1118 4227 1203 4294 ortis
1232 4245 1279 4295 ex
1314 4221 1546 4297 solutionibus
1574 4224 1665 4296 acidi
1691 4222 1856 4296 cbromici
1884 4222 2060 4315 adhibitis,
2087 4225 2205 4297 lacere

310 4398 381 4449 non
408 4395 549 4471 possum
575 4377 659 4467 quin
685 4372 800 4468 palam
823 4371 1052 4462 contendam,
1091 4367 1227 4443 adiutus
1265 4370 1368 4443 simul
1395 4371 1542 4444 aliorum
1577 4369 1766 4463 suffragiis.
1813 4370 1897 4443 Tum
1923 4377 1982 4466 qui
2008 4372 2204 4447 adversarii

311 4523 549 4614 Stillingii
576 4525 769 4592 extiterunt
792 4518 1022 4592 Bidderus
1049 4531 1084 4592 ot
1110 4513 1378 4615 Kupferust)
1395 4519 1489 4592 libris
1513 4543 1588 4593 cum
1615 4541 1829 4610 organorum
1856 4523 2060 4595 centralium
2083 4535 2204 4617 syste-

308 4676 407 4745 matis
434 4673 580 4751 nervosi
605 4680 672 4742 tum
696 4669 797 4740 albae
824 4670 1037 4762 potissimum
1055 4667 1270 4741 substantiae
1287 4668 1460 4740 medullae
1482 4668 1628 4763 spinalis
1652 4669 1886 4741 neurolemma
1914 4672 2054 4741 omnino
2082 4672 2205 4741 deesse

309 4830 478 4909 statuunt,
515 4839 575 4889 eas
611 4826 732 4888 contra
768 4838 815 4887 ex
850 4819 979 4907 vagina
1019 4827 1148 4889 tantum
1182 4815 1365 4889 medullari
1393 4830 1427 4890 et
1459 4815 1621 4910 cylindro
1656 4819 1733 4887 axis
1769 4824 1933 4887 constare
1959 4824 1993 4887 et
2030 4819 2077 4889 ita
2104 4820 2203 4912 quasi

310 4969 419 5041 nudas
450 4972 619 5041 immissas
654 4989 733 5040 esse
766 4969 979 5040 substantiae
1006 4969 1273 5056 coniunctivae,
1307 4987 1374 5059 qua
1400 4970 1470 5038 sint
1496 4963 1705 5035 circumdata
1733 4982 1866 5034 nervea
1894 4964 2006 5033 omnia
2033 4962 2204 5035 elementa

308 5120 480 5192 medullae
505 5119 651 5213 spinalis
681 5130 715 5190 et
742 5119 888 5190 cerebri.
938 5115 1088 5189 Mediam
1108 5119 1200 5186 viam
1226 5119 1408 5206 ingressus
1444 5112 1749 5187 Koellikerus
1774 5119 1943 5189 minorem
1969 5124 2204 5193 resistentiam

402 5467 428 5532 1)
451 5465 526 5518 Neue
548 5464 642 5517 Unters
654 5462 800 5530 ucbungen
819 5462 884 5514 tiber
903 5463 927 5513 d.
946 5461 1000 5512 Bau
1020 5463 1067 5513 des
1086 5459 1306 5513 litickcnmarltcs
1326 5457 1405 5522 1858,
1425 5474 1450 5526 p.
1473 5457 1525 5511 723
1543 5474 1599 5526 seq.

404 5559 432 5628 2)
445 5561 686 5629 Untersucbongen
702 5556 768 5610 tiber
788 5559 832 5610 dic
852 5556 948 5609 Textur
967 5558 1012 5609 des
1031 5557 1251 5612 nuctenmarles
1271 5552 1350 5620 1857,
1370 5571 1397 5622 p·
1418 5554 1462 5608 26·
