4996 6952
1256 418 1294 496 ld

322 632 365 703 de
392 630 512 703 iisdem
541 630 735 717 elementis,
761 648 851 720 quae
877 630 912 698 in
940 626 1093 699 Acerina
1121 646 1250 697 cernua
1278 626 1463 721 descripsit
1488 626 1530 699 H.
1562 623 1834 713 Muellerus,
1868 628 1927 716 qui
1957 627 2037 704 item
2070 626 2107 694 in
2130 623 2217 695 Pla-

320 781 505 875 giostqmis
532 778 652 850 eadem
677 777 831 847 inveniri
858 772 1045 846 confirmat.
1099 770 1250 844 Plurima
1276 783 1389 846 tamen
1416 796 1535 848 eorum
1561 785 1660 871 potes
1698 779 1869 868 cognosci
1892 796 1992 869 qnam
2015 777 2085 847 sint
2107 795 2217 868 prona

324 922 367 994 ad
400 927 699 996 commutationem
720 924 756 992 in
776 932 929 1017 systema
944 924 1180 994 tenuissimum
1201 923 1400 994 reticulare.
1439 922 1604 997 Existunt
1617 926 1708 994 enim
1720 925 1834 995 multis
1852 923 1942 995 locis
1965 921 2066 995 buius
2080 924 2219 994 tunicae

323 1072 535 1145 fenestratas
568 1093 589 1140 e
609 1071 747 1144 cellulis
770 1070 1049 1145 coalescentibus
1072 1081 1180 1157 ortae,
1208 1080 1243 1142 et
1266 1073 1479 1167 potissimum
1502 1073 1538 1141 in
1553 1071 1768 1161 marginibus
1792 1070 1996 1143 foraminum
2024 1069 2219 1162 grandium,

322 1242 431 1314 parva
454 1217 673 1311 rotundaqnc
697 1216 868 1287 foramina
895 1238 1092 1305 numerosa,
1104 1239 1249 1310 quorum
1275 1221 1415 1310 singula
1442 1218 1614 1291 interdum
1633 1220 1677 1291 ad
1703 1224 1834 1291 maiora
1862 1219 2076 1292 coalescunt.
2114 1215 2219 1289 Non-

321 1367 427 1440 nullis
454 1377 566 1438 autem
593 1366 681 1438 loeis
701 1376 769 1438 tam
792 1376 888 1438 arcte
914 1367 979 1438 sibi
1005 1365 1165 1437 adiacent
1183 1365 1416 1456 foramina,ut
1442 1374 1577 1465 species
1603 1373 1688 1441 retis
1714 1373 1865 1442 tenuiter
1890 1369 2051 1440 maculati
2076 1371 2220 1462 oriatur,

321 1515 533 1585 transeuntis
559 1515 596 1583 in
618 1523 694 1584 rete
711 1511 873 1584 fibrosum
899 1512 990 1583 telae
1018 1517 1264 1587 coniunctivae
1282 1519 1375 1589 inter
1401 1540 1511 1610 grana
1537 1522 1674 1590 interna
1693 1518 1895 1608 decurrens,
1911 1518 2002 1612 quod
2030 1539 2106 1589 cum
2123 1516 2219 1589 libris

320 1655 565 1730 Muellerianis
601 1661 822 1732 coniunctum
858 1669 919 1731 est
981 1658 1177 1753 Aliquoties
1215 1665 1316 1734 etiam
1352 1664 1425 1737 vidi
1465 1687 1485 1735 e
1524 1666 1605 1738 loco
1639 1664 1787 1760 quodam
1834 1668 1973 1736 tunicae
2008 1664 2220 1734 fenestratas

319 1830 472 1880 crassam
501 1808 598 1879 ubire
624 1807 764 1899 libram,
792 1829 856 1902 per
883 1809 1053 1879 internam
1079 1820 1210 1903 partem
1236 1815 1335 1884 strati
1362 1815 1545 1902 granulosi
1571 1812 1699 1885 interni
1726 1814 1907 1907 usquead
1936 1823 2076 1885 stratum
2104 1812 2221 1884 mole-

317 1956 437 2028 oulare
465 1956 713 2052 procedentem
739 1959 856 2050 ibique
882 1978 963 2029 sese
990 1962 1249 2050 immergentem
1275 1955 1336 2058 (cf.
1351 1962 1409 2054 lig.
1428 1970 1463 2052 5,
1490 1957 1562 2058 θ’),
1592 1972 1628 2033 ut
1655 1971 1715 2033 aut
1740 1964 1852 2033 statim
1878 1963 1915 2030 in
1942 1969 2046 2032 tenue
2068 1969 2220 2053 systema

317 2106 535 2203 reticulatum
561 2110 638 2177 eius
665 2109 829 2178 transiret
859 2117 919 2178 aut
948 2107 991 2177 ad
1017 2109 1187 2179 internam
1212 2112 1348 2179 retinae
1373 2110 1592 2205 superficiem
1616 2108 1828 2180 decurreret.
1889 2106 1984 2179 llaec
2011 2127 2097 2197 ergo
2136 2106 2221 2177 bbru

318 2277 461 2349 prorsus
497 2267 572 2328 erat
609 2255 732 2327 iisdem
765 2256 1035 2350 proprietatibus
1061 2255 1186 2349 quibus
1213 2256 1321 2328 fibrae
1348 2266 1428 2329 sunt
1453 2253 1719 2328 Muellerianae.

477 2401 790 2475 observationibus
820 2400 873 2474 bis
899 2402 943 2474 dc
979 2407 1243 2475 commutatione
1270 2403 1475 2476 cellularum
1501 2407 1536 2475 in
1563 2414 1637 2475 rete
1663 2402 1824 2477 librosum
1854 2402 2122 2476 demonstratum
2157 2416 2222 2495 est,

322 2551 434 2646 fibrae
462 2554 558 2624 cetae
582 2558 834 2628 coniunctione
860 2579 880 2626 e
906 2557 1044 2627 cellulis
1067 2559 1161 2648 fissis
1190 2526 1328 2626 emoriri
1359 2575 1478 2648 pocae,
1506 2575 1547 2625 eo
1568 2562 1691 2648 pacto,
1721 2564 1760 2626 ut
1783 2563 1965 2649 postremo
1993 2555 2081 2625 nibil
2103 2555 2222 2625 relin-

279 2805 280 2808 ,
324 2711 461 2797 quatur
490 2708 559 2775 uisi
597 2707 737 2793 nuclei,
771 2709 833 2799 quc⁸
867 2714 941 2776 tum
964 2707 1050 2778 uadi
1084 2709 1121 2774 ia
1149 2704 1222 2774 reta
1245 2703 1381 2797 fibrocu
1407 2706 1648 2774 inueniuntur.
1698 2702 1857 2773 Aetatem
1893 2703 2118 2773 nouissimam
2154 2699 2221 2769 ad-

321 2849 458 2921 modum
491 2851 602 2924 fuisse
632 2851 840 2924 foecundam
874 2853 1039 2949 operibus
1074 2864 1192 2926 notum
1227 2862 1280 2924 est
1309 2853 1413 2924 telam
1448 2853 1707 2924 coniunctivam
1734 2851 1960 2924 tractantibus
1994 2852 2221 2948 singulasque

326 3003 518 3072 sentcntiae
547 3000 653 3072 valde
679 3002 745 3074 sibi
770 3024 850 3076 esse
878 3005 1082 3075 contrarias.
1134 3002 1232 3088 Quae
1254 3023 1321 3074 nos
1348 2999 1597 3074 observatione
1621 3000 1784 3073 babemus
1812 3011 1986 3096 comperta
2021 3000 2064 3071 de
2091 3002 2222 3073 euolu-

324 3150 421 3221 tione
448 3147 540 3219 telae
567 3152 812 3221 coniunctivae
845 3153 992 3240 retinae,
1019 3154 1132 3222 omnia
1160 3160 1373 3223 concurrunt
1398 3151 1441 3221 ad
1474 3153 1699 3239 senteutiam,
1727 3149 1909 3221 doctrinae
1932 3143 2222 3221 Vircbowia-

324 3317 406 3368 nae
442 3300 671 3385 contrariam,
710 3295 1031 3369 aScbwannio
1062 3301 1206 3392 primum
1240 3302 1452 3394 propositam
1484 3308 1519 3370 et
1549 3321 1568 3367 a
1602 3295 1870 3368 Koellikero
1908 3302 2031 3370 iterum
2074 3301 2223 3369 iterum-

326 3465 394 3537 que
419 3444 705 3516 commendatam:
741 3466 812 3516 non
846 3466 983 3539 semper
1008 3467 1088 3517 esse
1122 3446 1347 3518 substantiam
1374 3447 1679 3520 intercellulore'm
1704 3466 1794 3538 quae
1820 3445 1923 3518 fibras
1951 3445 2043 3517 telae
2069 3447 2223 3517 coniun-

326 3597 440 3665 ctivae
466 3578 640 3684 alliceret,
668 3594 728 3665 sed
755 3616 775 3664 e
799 3593 890 3668 fissis
922 3597 1024 3666 etiam
1050 3592 1190 3665 cellulis
1225 3613 1285 3664 cas
1321 3598 1381 3666 via
1416 3594 1546 3666 directa
1583 3597 1669 3665 oriri
1707 3616 1821 3688 posse.
1880 3594 2044 3665 Alienum
2083 3594 2125 3664 ab
2157 3588 2225 3665 b'oc

324 3743 406 3815 loco
440 3743 603 3833 uidetur,
638 3741 749 3814 fusius
790 3752 941 3814 tractare
978 3741 1182 3835 perplexam
1217 3740 1406 3813 doctrinam
1452 3746 1495 3816 de
1526 3748 1563 3816 vi
1603 3744 1817 3817 substantiae
1853 3746 1946 3817 telae
1982 3748 2227 3816 coniunctivae

325 3891 600 3963 intercelluluris
632 3901 666 3962 et
701 3890 904 3962 nucleorum
930 3889 1182 3961 cellularumve
1208 3890 1242 3959 in
1271 3911 1344 3960 eam
1364 3894 1605 3964 immissorum.
1644 3892 1885 3985 Quaecunque
1911 3916 1930 3963 a
1957 3915 2010 3965 me
2037 3893 2224 3965 observata

326 4036 580 4129 explicavimus
608 4037 722 4108 denuo
752 4047 874 4108 cautos
911 4057 977 4106 nos
1004 4058 1083 4107 esse
1110 4035 1274 4109 iubebunt
1298 4041 1331 4109 in
1369 4034 1591 4111 decernendo
1619 4050 1686 4111 tam
1713 4041 1849 4113 difficili
1889 4052 2093 4133 argumento
2121 4041 2225 4136 quale

324 4194 377 4256 est
403 4183 446 4255 de
474 4188 609 4257 ratione
629 4185 834 4256 cellularum
854 4195 887 4256 et
904 4183 1065 4256 librarum
1091 4183 1184 4256 telae
1211 4189 1466 4258 coniunctivae.

478 4332 551 4404 Iam
571 4345 608 4406 ut
633 4333 816 4404 redeamus
842 4334 886 4405 ad
912 4333 1015 4405 telam
1034 4336 1171 4405 retinae
1187 4337 1461 4407 coniunctivam:
1490 4336 1677 4432 pleraeque
1693 4339 1799 4411 librae
1813 4338 2069 4410 Muellerianae
2082 4349 2224 4411 stratum

325 4483 551 4573 granulosum
585 4485 758 4554 internum
801 4492 1000 4576 permeant,
1040 4493 1182 4555 stratum
1219 4482 1537 4574 intergranulosum
1570 4496 1808 4557 assecuturus.
1866 4484 1918 4558 lbi
1952 4486 2153 4576 dividuntur
2187 4488 2223 4555 in

324 4631 491 4722 fibrillas,
526 4631 586 4703 vel
620 4641 763 4703 stratum
798 4631 1117 4722 intergranulosum
1154 4633 1331 4702 traiiciunt
1367 4642 1557 4726 posteaque
1581 4633 1727 4706 cellulas
1755 4637 1854 4707 strati
1877 4634 2058 4724 granulosi
2083 4638 2222 4706 externi

323 4784 390 4851 reti
425 4786 575 4851 tenuiter
599 4778 771 4851 maculato
798 4779 990 4873 implicatas
1018 4788 1148 4850 tenent.
1201 4777 1314 4872 Ipsum
1341 4790 1483 4852 stratum
1510 4782 1841 4872 intergranulosum,
1871 4805 1946 4854 cum
1972 4787 2017 4854 sit
2042 4792 2158 4873 tenue,
2186 4793 2221 4867 ut

322 4935 358 5003 in
383 4931 562 5024 plerisque
590 4928 815 5018 animalibus,
841 4950 861 4997 e
884 4927 993 5000 denso
1020 4929 1086 4997 reti
1105 4892 1274 4997 librarum
1301 4932 1337 4999 in
1365 4926 1510 5021 planitie
1537 4932 1669 5002 retinae
1697 4935 1907 5003 currentium
1942 4941 2098 5020 constat,
2131 4935 2222 5003 inter

324 5099 409 5171 quas
437 5072 553 5145 nuclei
591 5074 749 5144 nonnulli
788 5084 868 5146 sunt
901 5072 1109 5145 intercalati.
1167 5074 1342 5147 Directam
1370 5075 1571 5170 plerumque
1596 5081 1875 5150 coniunctionem
1904 5076 2033 5149 habere
2058 5077 2221 5149 videntur

326 5226 392 5298 hae
425 5224 532 5296 librae
566 5245 641 5294 cum
676 5223 898 5315 processibus
934 5222 1095 5294 fibrarum
1130 5221 1458 5312 Muellerianarum,
1491 5246 1573 5320 ¹cum
1609 5247 1751 5319 quarum
1784 5236 1905 5296 natura
1932 5245 1992 5296 eas
2021 5224 2221 5295 consentire

321 5373 513 5446 verisimile
542 5382 605 5443 est.
659 5370 747 5441 liele
773 5370 934 5441 frbrarum
959 5394 1066 5468 saepe
1092 5383 1158 5444 tam
1188 5381 1292 5444 tenue
1316 5384 1388 5464 est,
1423 5382 1458 5445 ut
1481 5372 1569 5444 nibil
1598 5375 1666 5444 nisi
1691 5373 1882 5445 substantia
1909 5375 2059 5444 tenuiter
2085 5393 2221 5464 granu-

323 5523 400 5597 losa
427 5521 487 5593 vel
515 5521 738 5592 molecularis
766 5519 891 5592 adesse
915 5518 1085 5591 videatur.
