4996 6952
1178 571 1200 653 t

244 780 457 854 solutionum
482 783 662 876 gradibus,
685 783 934 856 varicositates
968 783 1062 852 intns
1087 777 1332 870 subgranosae
1356 788 1455 868 sunt,
1491 776 1587 850 libris
1619 777 1713 848 inter
1742 778 1989 851 varicositates
2016 779 2141 874 positis

243 927 332 1000 nibil
356 929 525 1001 eiusmodi
551 928 799 1024 praebentibus
823 927 914 1021 (Fig.
942 924 993 1024 2).
1046 925 1183 1000 Gradus
1209 938 1323 1000 antem
1349 928 1647 1000 concentrationit
1674 926 1864 1001 solutionis
1893 926 1985 999 acidi
2012 926 2142 1001 ebdom.

244 1104 346 1177 qumn
371 1086 524 1156 maiores
548 1081 781 1153 adhibeantur
806 1080 857 1151 ad.
876 1080 1104 1177 imponendos
1131 1079 1255 1152 oculos
1282 1079 1547 1175 apertos(i-1
1575 1095 1630 1166 gr.
1657 1087 1693 1148 et
1718 1077 1796 1172 plus
1819 1080 1921 1151 etiarn
1946 1079 1982 1149 in
2008 1081 2144 1150 nnciam
2172 1160 2175 1165 ,

241 1250 343 1303 unam
361 1231 486 1324 aqnee)
504 1228 612 1301 librae
626 1230 765 1324 opticae
779 1236 899 1299 carent
923 1227 1234 1316 varicositatibus3
1260 1227 1348 1300 liunt
1371 1229 1473 1299 etiem
1500 1235 1580 1322 post
1605 1227 1706 1300 sitem
1729 1225 1980 1298 diuturniorem
2005 1224 2143 1315 rigidae

243 1387 348 1473 atque
373 1376 543 1469 fragiles,
580 1379 789 1471 nimiamque
824 1375 868 1447 ob
901 1375 1061 1448 duritiem
1093 1376 1188 1449 telae
1218 1380 1310 1448 inter
1343 1379 1437 1472 ipsas
1471 1378 1611 1471 positae
1634 1378 1905 1467 coniunctivae,
1940 1390 2041 1470 mam
2063 1381 2144 1470 post

242 1524 609 1613 commemorabimus,
635 1525 672 1595 in
698 1503 910 1613 fesciculos,
943 1526 1035 1596 siout
1061 1523 1304 1615 decurrerunt,
1330 1525 1594 1617 conglutinatae
1621 1533 1713 1617 sunt,
1739 1527 1786 1597 ita
1811 1533 1849 1597 ot
1874 1540 1983 1614 aegre
2005 1524 2143 1620 possint

240 1671 363 1744 isolari
377 1667 424 1760 ¹).

391 1817 471 1890 Non
497 1817 649 1907 alienum
666 1814 820 1905 videtur,
835 1837 921 1909 quas
950 1814 1458 1910 descripsiumsvaricositates
1488 1835 1692 1916 comparare
1712 1836 1791 1891 cum
1815 1820 1872 1909 iis,
1890 1834 1980 1911 quae
1994 1817 2031 1887 in
2045 1814 2142 1889 fibris

241 1966 378 2038 cerebri
391 1962 545 2035 medulla
570 1981 702 2032 nereca
717 1962 896 2034 instructis
922 1962 1164 2056 inveniuntur,
1190 1973 1226 2036 et
1252 1986 1342 2059 quae
1370 1943 1449 2061 post
1473 1964 1922 2063 primaslibrenbergii
1949 1963 2142 2035 relationes

240 2115 463 2189 multifariam
488 2116 646 2186 virorum
671 2111 852 2184 doctorum
867 2113 1011 2202 ingenia
1038 2124 1313 2208 occupaverunt.
1349 2113 1395 2188 Ut
1411 2115 1551 2189 illarum
1577 2119 1823 2190 varicositates
1841 2112 2143 2185 referendaesunt

241 2238 471 2336 admednlloa
486 2279 640 2332 nerveaa
667 2261 965 2350 commutationes,
980 2261 1027 2332 ita
1051 2258 1156 2332 ibras
1182 2263 1318 2333 retinas
1343 2274 1489 2358 propter
1512 2266 1607 2359 ipsas
1632 2266 1878 2337 vamcositates
1889 2254 2141 2356 melampode

241 2413 373 2489 saltam·
389 2411 540 2484 medulla
567 2414 761 2483 instructas
795 2430 875 2483 esee
912 2412 1211 2486 existimauerunt
1270 2411 1426 2485 Maxima
1448 2417 1602 2508 reginae
1633 2413 1839 2506 medullaris
1865 2425 1946 2506 pnrs
1980 2406 2142 2479 librarum
2202 2471 2204 2473 ,

239 2563 339 2637 strati
366 2563 473 2655 optici
499 2533 636 2631 retinas
661 2560 745 2651 puin
772 2567 1004 2630 evanesceret
1037 2578 1138 2630 nonno
1165 2564 1278 2655 potuit
1308 2563 1486 2651 dubitare;
1521 2568 1660 2636 omnino
1686 2572 1900 2634 autemeam
1926 2574 2143 2631 evanescere

240 2714 361 2809 paucis
389 2719 519 2781 tantum
545 2707 727 2803 probabile
752 2705 949 2795 videbatur,
976 2703 1340 2799 utBowmanno²J
1369 2719 1403 2782 ct
1429 2707 1706 2801 Remaliio³),
1729 2714 1787 2804 qui
1810 2712 1945 2781 retinas
1960 2706 2142 2799 libraspro

239 2859 342 2931 nudis
368 2858 540 2952 cylindris
567 2858 645 2930 axis
673 2853 850 2927 habendas
878 2877 958 2928 esse
984 2859 1251 2930 constituerunt.
1299 2859 1395 2931 Haec
1421 2863 1593 2932 sententia
1620 2882 1700 2931 num
1726 2869 1932 2933 vernasset
1959 2855 2143 2928 lloelli-

240 3011 380 3084 benus
407 3008 589 3098 dubitavit,
616 3009 779 3099 quoniam
809 3008 845 3076 in
872 3009 950 3079 axis
979 3005 1163 3111 cylindris,
1181 3006 1303 3101 quales
1319 3029 1366 3078 ex
1391 3007 1640 3081 medullaribus
1669 3007 1763 3081 libris
1790 3009 1933 3080 ncrvcis
1945 3027 2010 3101 per
2035 3013 2145 3075 artem

239 3156 362 3227 isolari
385 3161 542 3249 possent,
570 3150 817 3223 varicositates
843 3172 1025 3245 numquam
1052 3165 1146 3229 ortas
1172 3154 1384 3248 vidissem:
1413 3170 1528 3251 ratus,
1556 3156 1658 3234 fibras
1693 3161 1829 3232 retinas
1859 3168 2022 3231 constare
2046 3165 2145 3226 aute

239 3303 409 3398 cylindris
436 3284 656 3430 axitsstenui
683 3301 813 3390 vagina
841 3309 986 3372 externo
1014 3303 1207 3396 instructis,
1233 3317 1292 3379 aut
1319 3329 1366 3378 ex
1389 3308 1581 3382 substantia
1607 3312 1714 3381 mixta
1742 3331 1789 3380 ex
1813 3331 1854 3378 ea
1882 3306 2033 3403 cylindri
2061 3307 2140 3378 axis

238 3465 273 3525 et
299 3451 517 3526 substantiae
540 3448 755 3541 medullaris.
795 3447 914 3542 Atque
938 3449 1181 3545 hencqnidem
1208 3450 1477 3530 Koelliberi
1495 3461 1703 3532 sententiam
1725 3480 1820 3532 suam
1848 3476 1987 3552 quoque
2013 3455 2170 3528 iecisse

239 3601 381 3674 videtur
405 3600 534 3673 llenr.
569 3589 888 3689 Muellerus⁵).
939 3597 1018 3690 Ego
1059 3622 1133 3671 eam
1169 3600 1321 3696 probare
1351 3626 1423 3677 non
1463 3624 1614 3696 possum.
1664 3598 1801 3677 Etenim
1835 3603 2019 3675 deliciante
2045 3598 2142 3672 libris

238 3755 353 3824 munci
375 3753 476 3822 nervi
500 3752 606 3842 optici
633 3751 765 3838 vagina
797 3758 944 3838 externa
972 3748 1293 3841 (neurolemmate),
1316 3751 1351 3822 id
1372 3746 1448 3823 lieri
1476 3748 1629 3824 inlibris
1654 3753 1805 3842 retinas,
1827 3747 1982 3823 'medulla
2012 3770 2144 3821 caren-

237 3897 343 3988 tibus,
377 3901 488 3970 minus
515 3901 618 3970 etiem
645 3895 815 3968 credibile
842 3907 906 3999 est.
948 3897 1002 3968 Ac
1025 3918 1069 3969 ne
1100 3899 1219 3971 mistas
1244 3918 1324 3970 esse
1356 3909 1522 3993 utrasque
1553 3898 1767 3974 substantias
1800 3900 1904 3972 modo
1938 3906 2145 3971 memoratas

238 4044 458 4137 arbitremur,
485 4045 646 4142 probibet
670 4046 793 4119 modus
820 4044 1072 4137 refringendae
1096 4045 1198 4136 lucis,
1223 4050 1343 4140 utique
1366 4067 1435 4118 non
1461 4048 1657 4121 abhorrens
1684 4049 1747 4121 ille
1772 4052 1808 4121 in
1836 4047 1932 4120 fibris
1962 4049 2094 4118 nostris
2124 4067 2145 4116 a

238 4194 343 4266 modo
369 4195 536 4266 nodorum
565 4197 642 4267 axis
670 4193 928 4290 cylindrorum.

391 4343 489 4417 Nihil
504 4347 613 4436 igitur
630 4344 723 4417 aliud
738 4344 910 4438 reliquum
937 4352 1003 4434 est,
1018 4363 1119 4449 qnam
1139 4351 1188 4433 ut,
1210 4342 1322 4415 secuti
1338 4339 1651 4412 Bow'mannnm
1678 4351 1712 4415 et
1737 4337 2011 4428 Remalrium,
2039 4339 2144 4412 libras

244 4521 588 4533 *m

343 4642 370 4707 1)
385 4636 511 4692 'Omnium
533 4641 743 4693 vertebratornm
758 4640 833 4691 libras
851 4641 925 4690 strati
946 4628 1031 4706 optici
1048 4640 1151 4690 retinas
1170 4639 1218 4689 etsi
1240 4640 1376 4690 varicosos
1394 4638 1507 4690 reddere
1524 4637 1599 4701 licet,
1619 4636 1691 4704 qnod
1712 4638 1764 4687 iem
1784 4636 1839 4687 alio
1857 4635 1921 4688 loco
1937 4636 2144 4689 commemoravi

158 4779 163 4790 ,
242 4734 500 4795 (lllueller’sdrcbiu
518 4732 588 4789 1858
607 4752 632 4802 p.
644 4735 722 4799 363),
744 4744 829 4786 lamen
849 4735 899 4786 bac
919 4737 946 4786 in
966 4752 994 4786 re
1006 4735 1134 4788 differunt
1151 4733 1279 4786 animalia
1294 4735 1375 4787 calidi
1388 4736 1528 4803 sanguinis
1543 4736 1719 4803 etsanguinis
1739 4732 1842 4801 frigidi,
1857 4749 1916 4785 cunm
1936 4732 2043 4784 illorum
2063 4733 2144 4784 librae

242 4832 327 4899 magis
348 4828 480 4880 inclinent
499 4829 530 4880 ad
561 4829 712 4880 formandas
742 4830 928 4879 varicositatcs
958 4843 1037 4895 quam
1059 4828 1203 4881 alterorum
1227 4830 1380 4883 animalium
1403 4829 1494 4882 librae.
1532 4831 1607 4894 Quod
1630 4846 1711 4899 quum
1731 4833 1845 4885 ineolis
1869 4831 2096 4895 varicositatibus‚
2117 4839 2145 4882 ut
2215 4843 2217 4847 ⁴

242 4942 284 4978 res
303 4933 373 4990 sunt,
400 4928 488 4991 posits
514 4924 626 4976 facultas
645 4926 680 4976 sit
699 4931 771 4976 recte
791 4924 973 4988 diiudicandi,
995 4939 1063 4990 quae
1084 4925 1164 4977 librae
1184 4929 1288 4979 retinas
1305 4930 1360 4978 sint
1385 4942 1513 4989 nervoso,
1535 4941 1603 4995 quse
1623 4927 1704 4990 aliae,
1722 4928 1863 4978 admodum
1885 4924 2004 4993 optabile
2028 4927 2144 4990 videtur,

243 5029 431 5088 utrumquem
450 5036 499 5087 pro
521 5019 634 5072 libidine
660 5022 804 5085 provocari
825 5021 1008 5086 nonpossint.
1046 5019 1075 5071 ld
1092 5023 1169 5088 ,quod
1190 5024 1350 5091 plerumque
1370 5026 1505 5091 contingit
1524 5023 1740 5089 persolutiones
1759 5024 1929 5074 tenuissimas
1949 5023 2020 5074 acidi
2041 5023 2144 5074 chrom-

246 5112 373 5188 (νς-’,40
393 5133 432 5184 gr.
448 5117 474 5167 in
496 5131 557 5166 unc·
576 5112 670 5181 aqu.);
690 5130 771 5180 saepe
790 5117 955 5181 prosperius,
967 5131 1048 5182 quum
1062 5117 1157 5167 oculus
1175 5133 1229 5168 non
1241 5121 1326 5169 statim
1346 5120 1393 5170 sed
1404 5117 1539 5170 nonnullo
1553 5124 1614 5184 post
1625 5125 1735 5192 mortem
1746 5120 1878 5169 immissus
1889 5120 1924 5169 sit
1934 5118 2143 5169 insolationem.

244 5213 274 5263 ln
295 5229 346 5264 una
367 5228 431 5262 rana
449 5211 566 5262 nondum
586 5209 643 5260 ullo
662 5209 742 5259 modo
762 5210 829 5260 mibi
847 5211 972 5277 contigit,
999 5216 1026 5260 ut
1045 5213 1229 5264 varicositatcs
1250 5214 1277 5264 in
1297 5213 1368 5264 libris
1387 5215 1461 5265 strati
1481 5216 1559 5266 uerri
1579 5215 1664 5280 optici
1683 5212 1864 5265 observarem.

350 5306 378 5372 2)
400 5307 527 5358 Lectores
547 5321 581 5357 on
602 5305 647 5354 the
669 5322 728 5370 eye·

350 5391 384 5468 3)
400 5402 593 5453 llediciniscbe
612 5398 833 5467 Centralaeitung
854 5396 924 5453 1854
942 5399 992 5452 No·
1011 5401 1036 5453 1.

349 5496 379 5563 4)
399 5495 543 5548 Handbucb
565 5495 613 5547 der
633 5491 830 5546 Gewehelcbre
850 5495 914 5546 edit·
930 5494 1020 5562 litp.
1038 5494 1106 5550 279:
1127 5496 1295 5562 ,Wirldlcbe
1315 5485 1512 5548 Varlcosltlten
1532 5498 1629 5565 :sigen
1648 5496 1693 5548 die
1713 5494 1915 5562 Axeucylinder
1935 5494 1980 5544 nie
1999 5490 2056 5557 (lle
2068 5488 2145 5540 malt

246 5589 319 5643 zieht
337 5593 519 5657 unpassender
539 5589 630 5640 Weise
650 5589 694 5639 die
715 5586 913 5655 Optlcuslosern
933 5590 980 5641 der
999 5588 1096 5642 listina
1115 5607 1148 5641 zu
1168 5592 1221 5644 den
1240 5587 1521 5657 Axenscblauahan)“·
2140 5612 2145 5623 ·

350 5684 379 5751 5)
398 5685 530 5738 Zeitscbr.
552 5686 571 5736 l.
591 5688 665 5737 aries·
684 5683 819 5752 Zoologie
841 5682 912 5735 Tom.
934 5682 1006 5734 vni.
1025 5701 1052 5752 p.
1071 5684 1116 5738 22.
