4996 6952
311 855 448 907 uerus
463 827 490 929 ¹)
516 833 618 906 simul
642 833 773 925 docuit,
790 833 938 907 cellulas
964 833 1116 925 grandes
1142 835 1178 906 in
1205 834 1287 907 lobo
1302 833 1425 908 electr.
1438 833 1575 908 cerebri
1598 831 1793 930 torpedinis
1808 831 2005 905 membrana
2031 854 2154 906 carere
2167 828 2206 931 ²).

310 984 474 1055 Attamen
505 981 758 1072 Wagnerus
788 986 866 1078 ipse
895 1004 1009 1077 neque
1045 982 1108 1057 bas
1145 1004 1261 1080 neque
1295 983 1377 1057 illas
1412 1004 1478 1080 pro
1503 983 1601 1057 veris
1626 980 1766 1056 cellulis
1788 984 1957 1074 agnovit,
1991 981 2207 1078 praeiudicio

311 1151 383 1200 uon
409 1131 454 1201 ita
480 1150 562 1202 raro
591 1128 759 1220 demotus,
789 1133 889 1225 quasi
913 1131 1111 1205 membrana
1136 1142 1296 1222 externa,
1324 1135 1355 1205 si
1381 1133 1425 1204 de
1450 1128 1578 1205 cellula
1605 1152 1720 1231 sempe
1743 1141 1811 1223 est,
1839 1133 1979 1203 omuino
1994 1154 2082 1228 opus
2103 1141 2208 1205 esset.
2325 1164 2327 1170 ⁸

310 1279 522 1374 Quamquam
546 1288 660 1351 autem
685 1301 775 1375 quae
799 1280 844 1353 de
868 1290 1040 1356 structura
1068 1281 1205 1354 cerebri
1231 1281 1475 1375 medullaeque
1499 1280 1645 1376 spinalis
1672 1279 1967 1377 Petromyuontis,
1982 1279 2208 1355 aStannio

310 1431 379 1501 iam
405 1451 497 1502 auno
525 1429 621 1502 1850
649 1451 696 1500 ex
722 1428 789 1502 fide
812 1440 958 1502 naturae
983 1419 1170 1528 descripte,
1198 1433 1359 1528 exposita
1383 1438 1464 1504 sunt
1488 1438 1692 1519 argumenta
1719 1426 1916 1535 luculenter
1933 1430 2073 1503 illorum
2099 1453 2210 1526 prae-

310 1577 475 1654 iudicium
500 1579 713 1670 retuterunt,
748 1581 807 1672 qni
835 1578 974 1650 cellulis
1010 1580 1209 1672 gangliosis
1233 1581 1429 1653 membrana
1465 1599 1552 1673 opus
1588 1599 1655 1649 nec
1694 1577 1878 1673 quidquam
1911 1601 2091 1653 commuue
2129 1603 2209 1654 esse

309 1730 560 1803 arbitrarentur
583 1750 658 1802 cum
686 1729 856 1824 cylindris
890 1731 969 1803 axis
1004 1729 1176 1820 dilatatis,
1212 1729 1300 1801 baec
1324 1731 1497 1801 sententia
1523 1739 1637 1802 tamen
1664 1729 1795 1801 nullam
1821 1728 1946 1824 adepta
1972 1738 2026 1802 est
2052 1751 2209 1802 commu-

311 1902 389 1952 nem
414 1880 666 1976 probationem.
717 1878 940 1951 Biddorus
968 1877 1103 1972 quidem
1135 1888 1170 1952 et
1196 1875 1425 1972 llupierus
1451 1899 1540 1968 eam,
1566 1887 1728 1971 quantum
1754 1878 1797 1948 ad
1824 1877 1972 1951 cellulas
1998 1877 2206 1973 gangliosas

312 2028 450 2100 cerebri
475 2028 719 2123 medullaeque
745 2028 891 2123 spinalis
916 2025 1101 2100 referenda
1126 2036 1191 2112 est,
1216 2027 1328 2099 secuti
1350 2034 1439 2098 snut

457 2180 542 2282 Tum
574 2219 686 2283 autem
722 2210 760 2281 in
786 2207 1016 2307 periphericis
1053 2229 1192 2304 qnoque
1216 2205 1432 2303 bipolaribus
1467 2204 1606 2279 cellulis
1645 2207 1843 2301 gangliosis
1870 2217 1909 2280 nt
1940 2207 2208 2301 demonstretur,

311 2354 473 2429 cellulam
499 2377 568 2427 non
595 2379 674 2431 esse
701 2360 770 2432 nisi
797 2357 1033 2432 dilatationem
1060 2357 1212 2455 cylindri
1238 2358 1344 2447 axis,
1369 2375 1444 2427 cum
1472 2352 1700 2450 Leydigio
1734 2376 1802 2447 ego
1827 2354 1918 2428 nihil
1944 2366 2013 2430 tam
2045 2356 2209 2431 idoneum
2259 2432 2263 2438 ,

311 2523 390 2575 esse
416 2513 497 2598 puto
524 2521 625 2598 quam
644 2490 822 2599 bipolares
849 2504 999 2576 cellulae
1015 2474 1226 2596 gangliosas
1240 2504 1277 2572 in
1304 2523 1415 2574 nervo
1430 2504 1585 2575 acustico
1603 2505 1759 2598 piscium.
1788 2501 1833 2579 Ut
1847 2505 1943 2580 libris
1970 2511 2072 2580 nervi
2101 2509 2209 2602 optici

309 2655 474 2745 vaginam
496 2665 676 2727 externam
702 2653 826 2763 deesse
851 2674 955 2748 snpra
972 2653 1297 2745 domonstravimus,
1318 2655 1365 2725 ita
1390 2654 1434 2726 de
1459 2651 1558 2728 fibris
1580 2654 1794 2729 mollissimis
1819 2660 1922 2730 nervi
1949 2660 2095 2731 acustici
2117 2659 2209 2730 idem

309 2803 490 2875 dicendum
517 2814 580 2879 est.
632 2803 785 2876 Medulla
809 2806 918 2897 igitur
945 2805 982 2875 in
1008 2804 1225 2898 praeparatis
1252 2825 1300 2875 ox
1324 2803 1428 2876 acido
1451 2803 1628 2877 chromico
1664 2803 1766 2879 iactis
1791 2805 1956 2879 facillime
1983 2809 2031 2879 ita
2070 2807 2209 2900 friatur,

307 2962 345 3024 ut
375 2974 437 3048 par
462 2951 669 3045 longissima
695 2954 807 3047 spatia
836 2952 988 3048 cylindri
1020 2955 1099 3026 axis
1135 2951 1316 3025 isolentur.
1366 2951 1406 3024 ln
1442 2952 1537 3027 fibris
1575 2957 1678 3029 nervi
1713 2958 1859 3029 acnstici
1890 2967 2042 3032 tumores
2075 2960 2209 3029 inven-

307 3103 424 3174 iuntur
446 3102 577 3175 similes
613 3102 750 3195 quidem
785 3101 923 3174 cellulis
953 3105 1116 3176 nervosis
1143 3100 1358 3197 bipolaribus
1384 3104 1607 3195 gangliorum
1634 3105 1833 3200 spinaliam,
1864 3106 1997 3180 diversi
2023 3117 2134 3180 tamen
2164 3109 2207 3181 ab

305 3256 350 3326 iis
365 3252 409 3325 ob
433 3251 661 3326 desideratam
682 3256 847 3346 vaginam
881 3254 1015 3327 nucleis
1041 3256 1255 3329 instructam.
1307 3255 1404 3329 Talis
1427 3257 1570 3329 tumoris
1593 3256 1630 3326 in
1656 3252 1740 3325 libra
1774 3256 1877 3328 nervi
1904 3258 2050 3329 acustioi
2077 3279 2210 3331 occur-

305 3407 416 3477 rentis
444 3423 519 3474 cum
545 3400 696 3474 medulla
726 3424 859 3476 nervea
896 3414 1135 3495 remoueatur,
1175 3426 1304 3500 corpus
1340 3401 1527 3475 exhibetur
1559 3402 1873 3495 circumscriptum,
1908 3404 1943 3473 in
1969 3405 2208 3477 ’continuitate

305 3571 381 3624 cum
409 3548 571 3646 cylindro
598 3553 700 3640 axis,
735 3573 775 3623 re
814 3573 900 3625 vera
927 3551 1013 3624 nihil
1040 3552 1134 3626 aliud
1160 3574 1260 3647 quam
1288 3563 1401 3626 tumor
1427 3551 1579 3649 cylindri
1605 3555 1683 3625 axis
1718 3550 1844 3625 nucleo
1873 3552 2108 3647 nucleoloque
2136 3576 2207 3626 ex-

306 3710 477 3791 structus,
513 3699 640 3772 cellula
666 3722 753 3773 vera
779 3700 966 3794 gangliosa
990 3702 1049 3792 (cl.
1077 3699 1134 3794 dg.
1162 3703 1214 3790 7).
1273 3701 1408 3789 Quodsi
1436 3701 1632 3798 cylindrum
1659 3703 1737 3775 axis
1767 3700 1998 3773 membranam
2029 3704 2207 3798 propriam

307 3847 438 3921 babere
465 3847 677 3922 contendere
703 3871 775 3920 non
801 3849 908 3942 licet,
945 3872 988 3922 ne
1013 3855 1050 3922 in
1076 3831 1263 3945 gangliosa
1291 3852 1428 3947 quidem
1455 3852 1604 3944 cellula,
1636 3844 1967 3946 quam'tractamus,
1993 3851 2068 3925 ullo
2103 3851 2206 3924 modo
2320 3812 2324 3817 ¹

306 3997 503 4069 membrana
537 4019 616 4072 esse
652 4007 778 4093 potest.
840 3998 1061 4087 (Membrana
1100 4010 1169 4074 tum
1201 4000 1303 4072 modo
1339 4000 1495 4096 praedita
1529 4011 1581 4073 est
1609 4000 1765 4089 cellula,
1803 4022 1878 4074 cum
1914 4003 1961 4076 sit
1996 4003 2208 4076 circumdata

307 4150 438 4239 vagina
470 4147 604 4220 nucleis
644 4150 836 4241 instructa,
884 4172 973 4245 quae
1000 4148 1295 4223 Schwannianam
1324 4170 1513 4221 nervorum
1552 4153 1701 4222 tunicam
1741 4150 1980 4240 continuans,
2019 4154 2094 4248 ipsa
2133 4151 2210 4225 fieri

306 4314 378 4365 nou
412 4305 526 4390 potest
558 4306 596 4368 ut
632 4319 789 4390 umquam
827 4298 1055 4369 membranae
1087 4300 1270 4372 cellelarie
1296 4300 1377 4371 loco
1405 4298 1589 4391 habeatnr,
1622 4309 1742 4397 utpote
1776 4303 1812 4370 in
1839 4321 1939 4394 quam
1966 4302 2067 4394 copia
2095 4322 2210 4395 quae-

308 4441 384 4514 dam
422 4446 626 4517 nucleorum
666 4447 712 4517 sit
749 4448 948 4537 insinuata,
987 4448 1072 4518 satis
1107 4446 1381 4538 declarantium,
1418 4448 1508 4521 hanc
1544 4448 1775 4520 membranam
1808 4470 1835 4557 e
1870 4448 1941 4521 tela
1981 4452 2207 4522 coniunctiva

307 4605 416 4667 ortam
449 4596 561 4684 esse.)

439 4778 553 4872 Atque
581 4779 635 4852 bis
661 4782 872 4870 argumentis
898 4783 1092 4852 sententiae
1118 4799 1216 4849 meac
1255 4800 1359 4874 supra
1379 4756 1609 4872 propositae,
1637 4774 1784 4848 cellulas
1816 4776 2023 4869 gangliosas
2065 4780 2206 4850 omnino

307 4947 377 4997 non
403 4928 578 5022 praeditas
593 4948 673 5002 esse
688 4928 883 5000 membrana
900 4928 1062 5000 cellulari
1088 4889 1393 5024 aprotoplasmate
1412 4926 1567 4997 chemice
1586 4923 1781 5014 differente,
1799 4926 1968 4997 rationem
1985 4947 2041 4998 me
2056 4926 2206 5000 reddere

307 5096 411 5169 posse
446 5075 607 5147 arbitror.
637 5073 759 5170 Neque
781 5087 892 5149 tamen
919 5076 1062 5168 infitior,
1088 5098 1193 5172 posse
1224 5098 1285 5148 eas
1311 5080 1441 5167 vagina
1465 5074 1650 5146 medullari
1688 5083 1746 5144 aut
1771 5076 1903 5166 vagina
1929 5074 2022 5146 telae
2051 5078 2206 5147 coniun-

306 5227 422 5297 ctivae
449 5227 656 5299 secundaria
689 5221 833 5324 (vagina
860 5225 1119 5299 Schwauniana
1147 5247 1209 5300 seu
1244 5219 1528 5320 neurolemmate)
1551 5233 1610 5294 aut
1633 5233 1781 5319 utraque
1807 5226 1909 5298 simul
1944 5249 2023 5300 esse
2050 5229 2204 5298 circum-

306 5460 550 5470 ..Ἀ-,...-.-.,-.«

406 5634 433 5693 1)
453 5633 590 5702 Gottinger
608 5633 732 5701 gelehrte
752 5635 891 5702 duecigen
914 5633 992 5696 1850,
1012 5633 1055 5684 Nr.
1078 5632 1121 5687 56.
1160 5631 1307 5699 Neurolog.
1328 5630 1568 5699 Untcrsuclrungon
1589 5646 1615 5697 p.
1635 5630 1678 5684 83.

411 5729 439 5795 2)
458 5727 666 5797 blittbcilungen
685 5729 733 5780 der
753 5728 778 5778 lu.
799 5726 945 5780 Gesellscb.
966 5728 991 5779 d.
1009 5726 1086 5778 Wiss.
1107 5743 1139 5777 zu
1157 5725 1298 5795 Gottingae
1319 5726 1397 5791 1851,
1421 5725 1446 5779 8.
1466 5726 1559 5779 Octob.
1581 5726 1730 5797 Neurolog.
1755 5728 1958 5798 Untcrsnchuug
1972 5745 2003 5780 en
2024 5744 2049 5794 p.
2073 5728 2131 5780 111.
