4996 6952
236 761 324 857 simo
351 758 410 831 filo
425 781 538 851 grano
556 763 694 833 interno
718 760 924 833 adiunctum.
951 762 1078 832 lleur.
1104 759 1356 834 Muellerus
1383 771 1462 855 post
1479 772 1591 833 tumen
1618 763 1833 858 praeparatis
1858 783 1942 835 usus
1966 781 2038 832 nou
2053 782 2133 835 esse

237 908 389 996 videtur,
413 929 501 1001 quae
526 928 662 979 omnem
684 907 932 980 dubitationem
959 910 1002 981 do
1021 911 1087 984 bac
1107 911 1417 980 communicatione
1443 909 1679 1003 depellerent,
1704 919 1800 981 certe
1825 913 1860 982 in
1887 907 2021 983 fusiore
2034 922 2134 983 corru-¹

236 1057 448 1126 mentatione
473 1074 587 1146 neque
614 1053 902 1127 delineamentum
939 1059 1122 1151 proposuit
1159 1068 1194 1129 et
1225 1059 1362 1129 omniuo
1398 1058 1443 1129 de
1477 1058 1744 1148 coniunctione,
1782 1056 1963 1129 admodum
1997 1057 2134 1152 quidem

237 1201 445 1291 verisimili,
480 1211 581 1274 caute
612 1201 789 1295 loquitur:
824 1202 948 1295 „Docb
973 1203 1102 1296 glaube
1129 1203 1186 1275 icb
1211 1226 1282 1276 uun
1309 1205 1506 1302 bebaupteu
1534 1228 1578 1278 uu
1604 1204 1749 1296 durseu,
1776 1206 1856 1279 dass
1883 1207 1945 1307 die
1966 1205 2135 1280 Nerven-

239 1346 354 1418 zellen
382 1345 491 1417 durcb
511 1346 588 1420 ihre
619 1349 708 1421 nacb
736 1372 866 1423 aussen
891 1350 1111 1442 gericbteten
1137 1350 1321 1425 Fortsatne
1346 1357 1407 1426 mit
1435 1354 1502 1426 deu
1539 1355 1685 1426 iunereu
1720 1355 1881 1427 lloruaru
1916 1374 2135 1428 zusammen·-

239 1488 455 1590 haugen1).“
509 1495 659 1570 Prorsus
686 1519 728 1568 ea
754 1502 808 1570 rei
834 1498 1015 1591 conditio,
1036 1522 1137 1594 quam
1165 1501 1445 1574 Gerlacbius
1475 1502 1693 1596 observavit,
1718 1502 1855 1577 scilicet
1885 1514 1923 1576 ut
1949 1525 2135 1600 processus

238 1645 372 1715 demum
384 1644 606 1718 multifariam
621 1645 726 1719 divisi
750 1649 947 1739 ingranam
972 1652 1071 1721 strati
1096 1650 1279 1741 granulosi
1299 1652 1427 1722 interni
1454 1673 1493 1723 se
1512 1653 1730 1741 immergam,
1754 1654 1893 1748 saepius
1912 1653 2058 1725 evenire
2074 1652 2136 1722 vi-

239 1793 352 1882 detur,
380 1795 604 1889 processibus
631 1836 675 1849 -
705 1793 772 1866 boc
799 1798 889 1867 euim
914 1795 955 1867 ll.
982 1794 1232 1870 Muellerus
1272 1801 1449 1871 contendit
1481 1821 1620 1894 egoque
1651 1800 1800 1895 probare
1826 1801 1975 1896 {possum
2001 1842 2045 1853 -
2092 1801 2135 1874 ad

239 1955 379 2016 stratum
414 1945 628 2017 moleculare
653 1945 904 2038 vergentibus,
929 1949 966 2017 in
991 1950 1213 2021 tenuissimas
1240 1946 1342 2019 libras
1369 1969 1447 2021 sese
1460 1947 1733 2021 dissolventibus
1758 1959 1792 2020 et
1816 1952 1863 2021 ita
1882 1948 2014 2021 demum
2040 1959 2136 2022 stra-

241 2103 309 2163 tum
336 2097 530 2186 proximum
555 2093 833 2187 assequentibus.

392 2239 495 2325 Quod
518 2241 561 2311 ad
584 2241 754 2315 elementa
782 2242 995 2314 substantiae
1019 2239 1244 2315 moleculuris
1272 2244 1407 2313 retinae
1433 2243 1582 2336 pertinet
1607 2243 1673 2313 iarn
1692 2263 1797 2336 supro
1812 2241 1902 2312 banc
1926 2262 2033 2312 meam
2049 2262 2136 2314 sen-

240 2392 381 2461 tentiam
408 2390 599 2485 explicavi,
628 2401 665 2464 ut
690 2402 853 2464 constare
880 2413 954 2464 eam
978 2412 998 2462 e
1025 2391 1173 2462 reticulo
1198 2390 1402 2463 tenuissimo
1430 2387 1521 2458 telae
1548 2389 1817 2477 coniunctivae,
1858 2389 2069 2459 tenuissimis
2103 2397 2138 2460 et

241 2559 352 2632 paene
402 2537 738 2611 immensurabilibus
776 2540 844 2611 blls
884 2534 1025 2610 nerveis
1056 2545 1248 2625 exornato,
1288 2533 1459 2623 dicerem,
1499 2534 1534 2603 in
1573 2554 1614 2603 ea
1653 2545 1767 2606 autem
1803 2534 1927 2608 adesse
1968 2535 2136 2606 substan-

241 2686 321 2755 tiam
350 2706 390 2755 re
416 2706 501 2755 vero
537 2684 783 2758 moleculurem
811 2708 986 2777 negarem.
1045 2681 1110 2755 Ubi
1138 2702 1300 2753 numerus
1329 2679 1533 2769 cellularum
1558 2681 1821 2772 gangliosarum
1848 2682 1997 2770 exiguus
2017 2691 2070 2753 est
2094 2702 2138 2751 ne

244 2830 300 2900 [lla
328 2830 463 2922 quidem
490 2854 620 2903 nervea
647 2835 746 2905 strati
772 2830 996 2903 molecularis
1022 2827 1203 2901 admodum
1229 2838 1309 2900 sunt
1335 2848 1530 2900 numerosa.
1583 2824 1712 2899 Contra
1739 2830 1775 2898 iu
1798 2827 1933 2898 macula
1956 2829 2049 2899 lutea
2074 2851 2138 2900 re-

243 2982 336 3051 tinae
363 2980 511 3053 bominis
540 3020 583 3031 -
612 2970 705 3075 quod
745 2982 787 3053 H.
814 2976 1080 3053 Muellerus
1106 2981 1173 3051 iam
1210 2976 1461 3051 demonstravit
1484 3018 1535 3028 -
1560 2989 1680 3051 tenues
1704 2980 1891 3050 varirosae
1917 2977 2024 3049 fibrae
2050 3000 2138 3050 ner-

242 3151 333 3201 veae
359 3130 435 3202 lere
458 3129 556 3203 solae
582 3153 792 3227 componere
818 3143 962 3205 stratum
997 3129 1211 3203 moleculare
1244 3129 1432 3217 videntur,
1469 3127 1504 3198 id
1537 3126 1629 3219 quod
1663 3127 1758 3221 prius
1786 3124 1948 3197 Paciui
1983 3127 2138 3198 Rema-

240 3276 417 3371 kiusque
444 3281 478 3347 in
506 3280 708 3351 universum
733 3279 938 3351 moleculari
964 3279 1177 3352 substantiae
1203 3279 1337 3348 retiuae
1363 3273 1580 3346 statuendum
1604 3275 1901 3344 existimaverunt.
1954 3271 2138 3345 Crassiora

240 3422 456 3513 filanervea,
484 3425 588 3517 quale
614 3424 912 3497 Koellikerus
938 3426 961 3498 l.
980 3451 1009 3497 c.
1024 3450 1056 3520 p.
1083 3427 1168 3518 703,
1198 3426 1256 3518 lig.
1272 3426 1345 3496 412
1368 3424 1561 3496 delineavit
1586 3420 1629 3492 ad
1648 3443 1793 3514 granum
1821 3425 1993 3494 internum
2021 3424 2138 3517 perti·
2163 3510 2166 3515 ὁ

241 3592 350 3660 nens,
389 3573 425 3641 in
453 3583 562 3646 struto
587 3575 792 3648 moleculari
819 3597 896 3647 cum
922 3598 1101 3669 numquam
1128 3577 1299 3667 viderim,
1327 3579 1357 3647 si
1384 3578 1442 3669 qui
1469 3575 1529 3645 alli
1552 3596 1592 3644 ea
1622 3572 1688 3646 sibi
1715 3575 1914 3644 occurrisse
1943 3569 2140 3667 profitean-

242 3739 310 3818 tur,
334 3750 410 3800 cum
435 3724 529 3800 libris
556 3722 798 3799 Muellerianis
826 3723 867 3795 ab
896 3727 941 3797 iis
968 3746 1047 3797 esse
1073 3735 1263 3820 permutata
1291 3723 1538 3796 contenderim.

394 3877 560 3963 Quaestio
587 3886 641 3949 est
657 3877 879 3967 gravissima,
906 3883 1054 3967 quantus
1081 3875 1125 3945 sit
1139 3893 1301 3945 numerus
1329 3895 1486 3966 quaeque
1513 3875 1744 3967 proprietates
1771 3871 1904 3942 lrlorum
1932 3893 2141 3943 nerveorum

242 4026 341 4097 strati
368 4022 551 4114 granulosi
578 4024 719 4092 interni.
774 4023 1023 4094 Demonstrare
1051 4032 1162 4093 autem
1192 4024 1257 4092 boc
1283 4019 1364 4093 loco
1391 4021 1447 4093 tila
1475 4031 1595 4118 aperte
1621 4023 1807 4110 varicoso,
1842 4031 1878 4092 ut
1909 4029 1989 4093 sunt
2034 4022 2140 4093 fibrae

242 4193 416 4259 nerveue,
442 4172 478 4239 in
503 4170 606 4241 rebus
632 4168 896 4263 perdifficilibus
922 4180 974 4241 est
1000 4168 1256 4239 numerandum.
1303 4165 1373 4237 lam
1405 4189 1508 4262 supra
1536 4177 1832 4238 commemoratum
1861 4177 1926 4258 est,
1953 4169 1990 4237 in
2029 4177 2138 4241 strato

242 4319 435 4412 granuloso
461 4323 598 4390 interno
622 4318 690 4391 duo
714 4340 846 4410 genera
874 4319 1160 4413 corpusculorum
1187 4316 1337 4389 cellulae
1363 4315 1523 4388 similium
1551 4317 1724 4386 inveniri:
1753 4315 1899 4386 nucleos
1924 4314 2140 4388 substantiae

243 4466 335 4537 telae
362 4468 626 4554 coniunctivae,
652 4464 709 4537 bic
734 4487 873 4559 quoque
898 4470 1012 4538 omnia
1036 4468 1317 4563 complectentis,
1341 4468 1399 4559 qui
1425 4466 1547 4559 partim
1579 4463 1622 4534 ad
1649 4463 1753 4537 libras
1779 4462 2029 4536 Muelleriauus
2053 4486 2140 4559 per-

244 4619 367 4708 tinent,
393 4619 515 4710 partim
542 4619 578 4686 in
605 4617 709 4689 telam
737 4618 994 4688 coniunctivam
1031 4617 1254 4689 reticulosum
1284 4619 1434 4710 inspersi
1468 4624 1569 4699 sunt,
1604 4623 1798 4707 etpurvas
1839 4612 2008 4706 cellulas,
2052 4635 2138 4707 quas

245 4789 396 4839 nerveus
429 4788 508 4838 esse
547 4765 847 4838 verisimillimum.
907 4763 1035 4837 Earum
1069 4766 1267 4839 nonnullas·
1291 4763 1476 4859 aliquoties
1507 4760 1581 4833 vidi
1621 4763 1826 4833 coniunctas
1869 4783 1944 4832 cum
1979 4762 2139 4834 tenuibus

244 4915 312 4987 filis
338 4924 459 5010 aperte
484 4917 657 4987 varicosis
685 4914 745 4986 sed
772 4936 885 5010 paene
910 4915 1255 4988 immensurabilibus.
1308 4913 1383 4989 Nec
1410 4914 1528 4987 dubito
1555 4912 1781 5002 contendere,
1808 4911 1875 4982 aliu
1909 4933 1950 4983 ac
1977 4913 2059 4983 talia
2081 4911 2138 4983 sda

244 5086 391 5153 nepveu,
419 5073 486 5135 tam
514 5067 676 5137 eminenti
702 5068 887 5154 tenuitate,
914 5068 950 5136 in
984 5074 1092 5139 strato
1118 5066 1311 5155 granuloso
1347 5069 1483 5137 interno
1518 5085 1589 5134 uon
1622 5072 1756 5134 extare.
1814 5054 1942 5132 Eadem
1983 5062 2138 5134 conditio

245 5224 299 5285 est
323 5216 422 5285 strati
446 5212 735 5303 intergranulosi,
751 5216 848 5285 cuius
874 5213 1066 5288 validiores
1082 5215 1188 5286 fibrae
1201 5216 1353 5289 rudiales
1372 5219 1455 5308 quin
1480 5214 1522 5284 ad
1541 5214 1642 5285 telam
1667 5213 1924 5283 coniunctivam
1947 5213 2141 5307 pertineant

245 5361 393 5433 dubitari
418 5362 514 5433 nullo
540 5362 642 5432 modo
671 5373 795 5457 potest.

345 5677 374 5740 1)
393 5679 522 5731 Zeitrcbr.
542 5681 560 5732 l.
582 5683 653 5732 wisa.
673 5680 807 5751 Zoologie
828 5680 884 5735 vol.
907 5681 976 5733 lllll.
999 5696 1024 5747 p.
1044 5680 1086 5734 60.
