4996 6952
305 688 444 763 quoque
470 666 616 739 cellulas
642 668 860 758 gaugliosas,
874 670 1006 764 pariter
1026 691 1067 741 ac
1093 671 1232 743 easdem
1246 671 1394 743 cellulas
1420 671 1634 745 substantiae
1651 671 1814 744 cinereae
1828 673 1965 745 cerebri
1978 673 2198 747 etmedullae

308 816 473 913 spinalis,
498 816 694 887 membrana
722 815 897 911 praeditas
925 838 1005 891 esse
1030 828 1089 890 aut
1114 820 1227 915 palam
1242 821 1497 893 contenderunt
1522 831 1580 893 aut
1605 825 1710 894 tacite
1736 822 1970 895 crediderunt.
2023 820 2195 908 Quoniam

306 962 384 1036 lose
411 963 659 1057 disputavimus
690 985 815 1059 supra,
856 963 963 1035 fibrae
997 987 1150 1054 uerveae
1186 972 1322 1041 retinae
1354 970 1552 1042 membrana
1593 981 1713 1044 essent
1747 979 1950 1043 exstructae
1976 990 2099 1060 necne,
2121 990 2193 1041 uon

304 1110 454 1182 alienum
479 1110 619 1183 videtur
644 1111 735 1183 idem
761 1110 880 1184 facere
906 1114 943 1184 in
970 1113 1112 1187 cellulis
1142 1116 1352 1207 gangliosis.
1390 1116 1488 1202 Quae
1502 1119 1532 1189 si
1552 1116 1781 1188 membranam
1796 1115 1924 1188 babent
1944 1116 2195 1211 quodammodo

229 1257 234 1266 '
303 1263 340 1332 iu
365 1274 552 1355 processus
568 1281 707 1355 qnoque
734 1283 781 1331 ex
805 1263 892 1356 ipsis
911 1261 1047 1334 cellulis
1067 1262 1298 1357 procedentes
1313 1265 1675 1360 traducaturoportet,
1701 1269 1748 1337 ita
1774 1276 1813 1338 ιιι
1839 1266 1906 1355 illi,
1938 1276 2034 1338 certe
2060 1264 2197 1359 quidem

307 1412 342 1481 in
360 1411 542 1481 vicinitate
572 1411 646 1481 eius
680 1408 772 1499 loci,
805 1408 898 1480 unde
930 1433 976 1481 ex
1003 1410 1143 1486 cellulis
1178 1413 1375 1504 gengliosis
1410 1413 1605 1508 prodeunt,
1640 1412 1834 1486 membrana
1869 1413 2018 1510 praediti
2055 1411 2196 1510 putandi

303 1561 382 1631 sint.
430 1556 514 1628 'lum
553 1567 666 1629 autem
701 1579 887 1653 processus
923 1559 1127 1631 cellularum
1162 1582 1182 1630 a
1216 1563 1315 1634 strati
1353 1564 1460 1656 optici
1494 1561 1590 1636 libris
1617 1584 1658 1633 ea
1684 1583 1725 1633 re
1751 1561 1933 1653 differunt,
1968 1561 2059 1654 quod
2085 1582 2196 1632 mem-

301 1702 409 1774 brana
437 1705 584 1798 praediti
609 1707 690 1795 sint,
713 1703 935 1798 quamlibrae
960 1726 1114 1778 nerveae
1139 1711 1273 1781 retinae
1299 1711 1438 1781 omniuo
1465 1731 1535 1782 non
1561 1709 1699 1782 babent.
1749 1708 1828 1801 Ego
1853 1712 1996 1782 iterem
2022 1730 2101 1781 sese
2127 1707 2196 1779 ba-

301 1854 385 1926 bere
412 1857 627 1946 negaverim.
683 1850 769 1924 Nam
794 1856 885 1926 sicut
918 1856 953 1924 in
985 1823 1095 1930 fibris'
1110 1859 1253 1931 nerveis
1280 1858 1475 1929 membrana
1501 1857 1733 1929 demonstrari
1759 1876 1830 1926 non
1856 1864 1982 1950 potest,
2008 1856 2055 1926 ita
2082 1876 2127 1927 ne
2158 1856 2194 1925 iu

302 2003 526 2099 processibus
554 2002 689 2095 quidem
715 2002 920 2075 cellularum
947 2026 1154 2076 nervearum
1190 2008 1427 2098 cognoscitur.
1476 2003 1675 2076 Membrana
1710 2015 1883 2095 carentes,
1914 2015 1951 2078 ut
1977 2014 2057 2076 sunt
2088 2003 2195 2075 librae

306 2153 523 2243 nerveae,in
542 2150 705 2223 cellulam
731 2172 810 2224 sese
836 2153 1006 2224 inserunt.
1048 2147 1207 2224 cellulae
1232 2173 1388 2226 nervcao
1414 2155 1445 2225 si
1470 2150 1694 2227 nibilominus
1719 2151 1916 2223 membrana
1941 2162 2059 2225 essent
2085 2174 2197 2224 orna-

304 2311 359 2373 tae
385 2324 404 2371 a
431 2299 654 2395 processibus
682 2320 757 2373 eam
783 2300 930 2395 dirumpi
958 2311 1145 2395 oporteret.
1197 2272 1442 2395 Praeterquam
1469 2311 1582 2373 antem
1609 2301 1713 2396 quod,
1748 2304 1779 2374 si
1805 2300 1893 2372 baec
1916 2311 2010 2374 esset
2043 2322 2195 2395 proces-

303 2472 401 2523 suum
435 2452 537 2540 ratio,
564 2448 651 2522 nibil
677 2449 821 2522 haberet
846 2449 960 2523 simile
983 2459 1053 2523 tota
1080 2449 1124 2521 de
1149 2448 1288 2522 cellulis
1315 2448 1486 2542 doctrina,
1502 2471 1543 2522 re
1567 2470 1654 2521 vera
1680 2469 1726 2519 ne
1751 2450 1889 2521 minima
1915 2447 2053 2542 quidem
2070 2471 2194 2523 caussa

303 2621 350 2670 ex
386 2598 634 2673 observatione
667 2599 799 2672 desumi
824 2609 967 2694 potest,
993 2622 1082 2693 quae
1107 2598 1211 2672 talem
1244 2602 1452 2677 sententiam
1485 2597 1672 2693 probatura
1699 2600 1755 2671 sit.
1808 2596 1968 2670 Gellulae
2003 2596 2195 2685 substantia

303 2771 379 2821 cum
406 2747 563 2819 omuibus
589 2751 661 2821 suis
700 2748 971 2842 proprietatibus
998 2751 1034 2819 in
1061 2769 1247 2844 processus
1274 2749 1508 2838 continuatur,
1536 2748 1659 2842 quibus
1686 2749 1715 2821 si
1741 2746 1938 2818 membrana
1965 2745 2063 2819 deest
2088 2767 2133 2817 ne
2158 2747 2194 2816 in

301 2897 429 2969 cellula
457 2896 594 2991 quidem
621 2897 746 2970 adesse
761 2907 886 2993 potest.
925 2895 1041 2971 Variis
1055 2896 1278 2989 reagentibus
1293 2896 1480 2968 identidem
1492 2917 1559 2967 nec
1584 2900 1661 2969 sine
1686 2895 1854 2966 industria
1880 2915 1964 2968 usus
1990 2893 2057 2966 hoc
2083 2893 2193 2966 habeo

305 3069 522 3142 persuasum,
554 3047 701 3120 cellulas
727 3047 959 3139 gangliosas,
989 3047 1031 3119 de
1057 3045 1181 3139 quibus
1207 3045 1265 3117 bic
1290 3067 1404 3119 sermo
1431 3055 1497 3137 est,
1523 3042 1718 3140 membrana
1758 3065 1889 3117 carere.
1955 3042 2095 3116 Globuli
2131 3065 2194 3115 eae

301 3205 381 3268 suut
408 3192 621 3267 substantiae
649 3196 799 3266 tenuiter
823 3192 1031 3284 granulatae
1061 3191 1322 3286 albumiuosae,
1354 3197 1483 3271 acriter
1514 3196 1650 3291 quidem
1686 3196 1961 3289 circumscripti,
1997 3203 2195 3268 extrorsum

300 3358 413 3419 antem
454 3349 532 3419 sine
565 3345 762 3418 membrana
794 3344 949 3418 chemioe
983 3365 1002 3412 a
1028 3364 1141 3416 massa
1168 3345 1304 3415 interna
1331 3335 1482 3418 diversa.
1533 3342 1735 3417 Verisimile
1760 3355 1827 3434 est,
1854 3354 1891 3417 ιιι
1916 3343 2132 3416 differentiae
2158 3346 2194 3417 in

299 3501 526 3570 consistentia
554 3495 836 3590 protoplasmatis
864 3497 956 3565 inter
990 3502 1107 3586 partes
1134 3496 1203 3564 sint
1233 3492 1407 3565 centrales
1432 3492 1591 3565 nucleum
1621 3490 1874 3565 circumdantes
1900 3501 1936 3563 et
1959 3494 2052 3562 inter
2075 3501 2192 3585 partes

299 3645 553 3741 periphericas,
569 3647 615 3717 ita
642 3653 679 3715 ut
704 3642 893 3716 substantia
920 3640 1098 3713 corticalis
1117 3640 1398 3737 protoplasmatis
1412 3640 1565 3713 discerni
1591 3661 1737 3712 necesse
1764 3642 1827 3713 sit:
1853 3649 1965 3712 umen
1980 3640 2081 3712 buius
2104 3639 2193 3713 sub-

301 3798 450 3867 stantiae
493 3793 671 3867 corticalis
712 3795 890 3865 transitum
922 3793 958 3862 in
995 3799 1124 3885 partem
1161 3791 1273 3902 magis
1309 3787 1499 3861 centralem
1533 3790 1725 3885 paullatim
1763 3786 1839 3859 lieri
1870 3787 2088 3860 statuendum
2126 3799 2191 3879 est,

300 3941 449 4035 ideoque
482 3963 628 4038 prorsus
667 3942 815 4049 deesse,
851 3941 943 4035 quod
977 3944 1117 4015 nomiue
1151 3939 1388 4029 membranae,
1422 3960 1440 4007 a
1477 3936 1748 4031 protoplasmate
1780 3936 1990 4027 differentis,
2018 3937 2191 4033 appellari

298 4093 417 4184 possit.

449 4287 608 4360 Collatus
633 4288 841 4380 paapliocae
878 4289 967 4361 atto
1000 4288 1100 4360 aliud
1137 4312 1215 4362 ecee
1246 4312 1353 4384 quam
1394 4295 1552 4359 tumores
1583 4284 1821 4378 cylindrorum
1853 4287 1936 4355 acta
1975 4284 2101 4354 nucleo
2128 4287 2190 4354 ia-

297 4445 457 4509 ctruetoa
484 4438 672 4509 cautando.

445 4657 602 4732 Oellnlas
628 4660 834 4752 gangliosas
861 4683 940 4733 esse
965 4681 1054 4754 quae
1078 4661 1274 4732 membrana
1300 4671 1446 4734 externa
1474 4671 1629 4755 careant,
1643 4664 1816 4734 sententia
1842 4670 1989 4734 estnon
2016 4662 2063 4732 ita
2081 4681 2187 4753 nova,

298 4829 372 4879 cum
389 4806 614 4881 Biddcrus
633 4809 668 4877 in
689 4807 778 4879 libro
796 4807 994 4904 praeclaro,
1008 4828 1109 4900 quem
1123 4809 1323 4903 inscripsit:
1349 4805 1443 4900 „Zur
1456 4804 1570 4878 Lebrc
1581 4829 1661 4878 vom
1675 4806 1896 4881 Verbaltniss
1917 4805 1980 4877 der
1996 4803 2189 4897 Ganglien-

296 4958 427 5052 kerper
456 4981 499 5028 uu
518 4957 583 5029 den
606 4954 892 5031 Nerveuiaseru“
916 4983 948 5054 p.
973 4956 1019 5027 22
1041 4959 1169 5051 primvm
1193 4957 1481 5050 pronunciaverit
1505 4956 1839 5049 pronunciatumquo
1859 4964 1938 5049 apte
1958 4954 2184 5049 probaverit:

296 5106 520 5198 gangliornm
547 5106 844 5203 periphericorum
870 5108 1048 5201 globulos,
1074 5108 1110 5179 in
1136 5109 1278 5199 vaginis
1304 5105 1475 5178 nucleatis
1501 5126 1521 5175 e
1546 5105 1615 5176 tela
1635 5106 1859 5175 coniunctiva
1873 5107 2062 5177 exstructis
2086 5106 2190 5198 posi-

297 5263 365 5345 tos,
390 5252 587 5325 membrana
615 5256 791 5349 praeditos
817 5277 888 5327 non
913 5279 1002 5330 esse.
1030 5255 1131 5341 Quod
1157 5257 1319 5329 iudicium
1345 5253 1644 5325 Volkmannus
1671 5254 1708 5323 iu
1731 5253 1972 5349 supplemento
1993 5252 2075 5324 libri
2099 5252 2189 5324 Bid-
2247 5214 2253 5227 Ι

297 5404 432 5476 deriaui
465 5404 693 5476 confirmavit.
753 5403 940 5479 Nonnullis
968 5406 1094 5478 deinde
1121 5409 1222 5478 anuis
1249 5416 1328 5500 post
1350 5407 1410 5499 qui
1436 5401 1548 5475 adbuc
1575 5405 1716 5497 propius
1742 5400 1785 5472 od
1811 5422 1934 5473 verum
1959 5404 2128 5491 accessit,
2153 5410 2189 5472 ιιι

299 5554 447 5628 cellulas
487 5555 695 5645 gangliosas
739 5577 802 5649 pro
840 5556 990 5631 dilatatis
1032 5563 1108 5632 axis
1160 5556 1331 5652 cylindris
1377 5554 1554 5627 habendas
1597 5572 1677 5626 esse
1722 5561 1915 5642 statueret,
1960 5549 2003 5622 R.
2038 5548 2188 5644 Wag-
